1884 3559
202 130 261 191 IN
294 126 629 189 CATILINAM
667 127 694 189 Ι.
792 148 865 209 49-

43 237 197 309 «munirier,
224 239 340 298 ubinam
354 238 484 314 gentium
504 233 629 293 sumus?
654 232 834 313 iuquaurbe

13 379 14 382 Ἴ
52 316 196 379 vivimuu?
226 337 313 397 quam
338 315 541 393 rempublicam
568 314 731 375 habemus?
765 317 834 385 Hic.

53 393 98 453 bic
111 395 183 468 lum,
210 399 240 457 in
256 397 493 467 nostro'numero,
519 393 613 464 Patres
632 395 788 475 conscripti,
804 401 833 458 la

53 473 107 533 hoc
114 478 193 536 orbis
208 483 290 537 terroe
302 474 464 534 sanuiffimo
483 467 834 552 graviffimoqueeoufilio,

51 556 158 630 quide
184 576 259 628 meo,
282 556 465 631 nostrumque
486 553 614 613 omnium
636 554 760 626 interitu,
781 560 833 635 qui

13 701 14 704 Ἴ
50 633 87 695 de
99 636 186 710 hujus
200 635 288 706 urbis,
303 650 390 712 atque
403 632 475 691 adeo
489 631 563 691 orbis
577 646 718 692 terrarum
741 637 835 697 exitio

13 781 14 784 Ἴ
49 717 187 792 cogitent.
228 714 321 775 Hosce
344 733 399 791 ego
412 712 494 771 video
516 711 622 782 consul,
636 724 665 771 et
678 713 715 773 de
727 717 835 794 repub·
851 773 855 784 ,

48 791 101 853 lica
126 794 293 855 senteutiam
322 813 411 870 rogor
430 805 474 866 er,
499 810 573 870 quos
600 790 676 851 ferro
698 796 835 856 trucidari

47 873 210 953 oportebat,
226 894 274 933 eor
289 872 416 932 nondum
426 891 495 930 voce
508 870 638 930 vulnero.
678 872 764 931 Fuisti
776 875 831 954 igi.

48 945 195 1033 tur'apud
203 945 323 1014 Leccam
337 950 384 1012 illa
398 937 489 1023 ubere,
513 949 657 1011 Catilina:
671 950 840 1017 distribuisti
866 999 869 1006 ,

47 1047 143 1112 partes
167 1029 274 1094 It‘eliae:
303 1027 418 1090 statuisti
442 1050 502 1109 quo
527 1049 687 1108 quemque¹
706 1032 830 1111 procisei

47 1112 322 1191 plaeeret2deligilli
354 1129 406 1170 uos
422 1112 524 1170 Rome
548 1110 728 1188 relinqueres,
778 1132 832 1174 uoe

45 1205 141 1262 tecum
158 1193 292 1252 educeres
308 1214 315 1251 ι
330 1131 492 1267 ieseripsrsti
517 1189 595 1248 urbis
622 1204 715 1266 parter
739 1131 776 1251 ab
789 1195 832 1254 iu·

45 1272 157 1333 cendia:
170 1270 350 1339 coufirmasti,
361 1281 389 1328 te
400 1268 491 1347 ipsum
510 1268 571 1344 jam
589 1269 643 1328 elle
663 1269 834 1334 exiturum:-

42 1350 133 1414 dixisti
149 1351 269 1431 paulum
292 1349 342 1410 tibi
355 1352 409 1425 elle
434 1350 520 1409 etiam
549 1363 611 1409 tum
626 1369 714 1410 morae
750 1353 833 1430 quod

43 1427 97 1513 egri
111 1434 247 1492 viverem.
287 1430 403 1508 Reperti
417 1427 480 1488 sunt
493 1429 553 1487 duo
573 1428 683 1505 equites
696 1393 830 1505 liumani,

43 1515 93 1592 qui
107 1524 136 1572 te
151 1511 202 1570 ista
213 1528 282 1570 cura
292 1510 450 1580 liberarent,
476 1515 505 1568 ‘et
531 1507 584 1568 sese
606 1507 654 1566 illa
675 1509 733 1590 ipsa
746 1512 831 1574 ηοᾶο

43 1592 133 1672 poulo
145 1604 212 1651 aute
222 1587 314 1650 lucem
326 1610 373 1649 me
387 1592 415 1649 in
430 1608 496 1646 meo
513 1587 618 1648 lellulo
631 1587 831 1654 intereunte,

43 1673 257 1754 pollicerentur.
298 1671 369 1732 Haec.
382 1689 437 1747 ego
450 1671 555 1744 omnia,
585 1668 718 1729 vixdum
741 1671 830 1732 etiam

41 1769 121 1812 coetu
149 1750 241 1811 vestro
263 1748 380 1819 dimillo,
416 1749 561 1826 comperi:
591 1749 710 1807 domum
733 1768 830 1810 meam

44 1831 201 1908 majoribus
223 1830 356 1908 praefidiis
370 1830 487 1897 munivi,
515 1843 600 1905 arque
626 1828 754 1888 firmavi:
779 1851 830 1891 ex·

42 1909 109 1974 elusi
123 1931 185 1983 eos,
200 1929 271 1986 quos
286 1922 317 1966 tu
339 1928 422 1967 mane
432 1907 467 1965 ad
479 1925 525 1965 me
538 1906 690 1966 salutatum
700 1908 828 1984 miserae,

43 2012 110 2056 eum
124 1990 167 2052 illi
180 1990 229 2068 ipfi
252 1990 385 2049 venissent
397 2014 406 2060 ;
435 2007 507 2064 quos
526 2006 581 2065 ego
600 1986 659 2062 jam
670 1987 766 2048 multis
793 2002 828 2049 a'e

44 2071 162 2133 summis
189 2070 254 2128 viris
294 2068 312 2125 d
335 2087 381 2125 me
407 2068 435 2124 id
463 2067 597 2144 temporie
622 2078 755 2126 venturos
773 2065 854 2129 elle'

43 2151 230 2231 predixeram
279 2151 355 2224 Qrae
364 2167 433 2204 cum
446 2147 485 2204 ita
498 2146 559 2217 fint,
586 2145 726 2218 Catalina,
739 2164 830 2227 perge
843 2132 901 2221 b*

42 2252 100 2310 quo
119 2226 228 2308 coepisti
242 2253 249 2297 ;
261 2246 278 2287 e
301 2228 395 2288 redere
405 2226 559 2302 aliquando
571 2245 609 2284 ex
619 2223 710 2298 urbe;
727 2244 828 2305 patent

41 2324 153 2392 portae:
179 2246 360 2386 proficiicere.
399 2307 530 2370 Nimium
552 2306 601 2366 diu
622 2317 651 2363 te
674 2308 830 2386 imperaro-

43 2412 100 2451 rem
130 2388 180 2446 illa
200 2401 250 2446 tua
275 2385 510 2446 Manlianicastra
536 2384 702 2445 defideraut.
742 2387 833 2448 Educ'

42 2484 138 2532 recum
153 2469 239 2528 etiem
253 2479 448 2525 omnestuos:
478 2465 611 2537 siminus,
626 2484 713 2543 quam
736 2465 827 2544 pluri·

39 2571 102 2611 mor
115 2552 128 2608 3
151 2548 245 2623 Purga
257 2545 375 2605 urbem.v
410 2547 520 2623 Magno
533 2564 579 2603 me
591 2558 670 2605 metu
684 2544 826 2621 liberabis,

33 2629 202 2691 dummodo
212 2629 285 2685 inter
298 2645 344 2684 me
365 2638 452 2701 atque
465 2641 494 2682 te
505 2624 593 2687 muris
607 2625 723 2696 interfit.
762 2628 827 2690 No·

40 2709 149 2769 bilcum
162 2706 262 2765 versari
271 2703 332 2780 jam
347 2703 454 2762 diutius
467 2723 524 2760 nou
536 2716 615 2782 poter
629 2727 637 2762 τ
651 2722 707 2763 non
722 2703 831 2780 feram,
882 2715 886 2723 “

40 2808 95 2849 uon
106 2786 209 2867 patiar,
223 2805 279 2844 non
294 2786 390 2843 finam.
419 2786 529 2861 Magna
539 2784 600 2842 Diis
614 2784 826 2846 immortalibus

40 2867 173 2928 habenda
197 2863 238 2925 est
252 2862 351 2943 gratia,
365 2877 451 2940 atque
461 2864 528 2921 huic
554 2862 604 2942 ipsr
615 2863 681 2941 Jovi
708 2865 825 2939 Statori,

39 2944 228 3027 autiquiffimo
246 2942 355 3004 custodi
368 2941 454 3015 hujus
469 2943 555 3013 urbis,
576 2941 657 3018 quod
668 2942 743 3001 hanc'
760 2957 823 3005 tam

37 3013 154 3097 tubero,
168 3039 227 3084 tam
239 3023 415 3093 horribilem,
426 3033 544 3100 tamque
556 3020 685 3083 infestam
708 3023 745 3083 rei
769 3024 823 3082 ub·

36 3103 326 3189 boepellem‘torier
345 3101 593 3246 jankellugimus·
630 3101 701 3165 Non
721 3120 738 3165 e
773 3103 824 3193 ξε·

14 3229 16 3236 ,
231 3195 236 3204 ’
761 3197 830 3259 prue

337 3339 346 3374 l
