1884 3559
98 110 140 218 ἢ
266 130 269 140 s
372 102 404 162 O
423 99 451 163 R
471 101 501 161 A
520 102 550 162 Τ
570 103 634 163 10

98 221 176 284 test?
199 217 423 292 intuuntur,
446 220 465 277 ss
486 231 643 299 erumpunt
661 212 780 277 omnia?
804 211 893 282 Muti

96 300 163 380 ja'm
185 300 264 361 istam
287 313 427 357 mentem:
450 298 635 358 mihicrede:
655 295 817 358 obliviscere
838 321 892 372 ca·

99 383 157 453 dis,
177 393 264 457 atque
283 377 492 440 incendiorum.
532 379 651 438 Teneris
664 379 806 454 undiqus:
828 375 895 440 luce

15 467 17 472 ’
99 461 166 523 dunt
179 460 298 520 clariora
309 459 389 515 nobis
404 469 454 516 tua
466 458 579 536 confilia
589 459 705 516 omniaz
725 477 791 535 quae
804 460 892 518 etiam

95 559 214 602 mecum
228 539 293 597 licet
307 538 498 613 recognoscas.
538 535 739 606 Meministine,
760 556 807 594 me
820 551 889 597 anre

96 621 176 684 diem
188 616 238 678 xii.
258 615 402 676 Kalendas
424 617 613 692 Novembris3·
626 616 718 675 dicere
731 614 760 673 in
779 615 892 688 senatu,

98 700 162 762 fore
174 698 204 756 in
217 698 303 756 armis
316 709 395 763 certo
408 695 462 765 die,
476 696 526 774 qui
542 696 600 755 dies
616 695 730 755 futurus
743 695 811 754 ellet
824 709 892 755 ante

99 780 179 840 diem
192 778 229 836 vi.
237 776 384 836 Kalendas
395 776 577 848 Novembris,
588 776 626 835 C.
642 774 793 846 Manlium,
804 774 895 834 auda·
906 789 909 792 ’

99 860 154 919 ciae
167 856 315 936 satellitem
328 868 415 933 atque
428 854 626 914 administrum
639 856 719 913 tua?
745 853 828 915 Num
844 874 893 915 me

103 936 217 1005 fefellit,
228 935 371 1012 Catilina,
392 954 449 993 uon
462 936 551 994 modo
563 955 606 995 res
620 945 708 1005 tanta,
728 944 787 993 tam
802 946 899 1002 atrox,

95 1009 163 1080 ‘tam
181 1015 359 1086 incredibilis,
380 1015 539 1084 verum-id
552 1013 631 1093 quod
645 1013 842 1092 multomagis
856 1014 896 1096 eli

101 1095 316 1162 admirandum,
329 1094 411 1153 dies?
434 1093 502 1163 Dixi
514 1114 570 1171 ego
583 1094 658 1152 idem
672 1092 701 1151 in
714 1093 821 1164 lenatu,
842 1113 898 1153 cae·

101 1177 170 1236 dem
185 1186 213 1232 te
222 1177 399 1252 optimatum
418 1171 564 1237 contulisse
578 1173 607 1231 in
626 1170 780 1235 antediem
795 1191 823 1231 v.
836 1173 898 1240 Ka·

103 1254 201 1316 lendas
216 1254 398 1324 Novembris,
420 1265 563 1313 tunicum
579 1251 661 1310 multi
676 1251 815 1329 principes
828 1252 897 1312 civi·

104 1335 171 1395 tatis
185 1334 297 1392 Roman
317 1343 447 1391 nontam
463 1332 503 1392 sui
522 1331 713 1402 conservandi,
731 1349 818 1409 quam
833 1343 900 1391 tuo·

102 1415 172 1475 ium
190 1412 372 1471 consiliorum
394 1411 638 1490 reprimendorum
658 1410 742 1470 causa
761 1410 899 1489 profuge·

63 1535 69 1542 ·
102 1505 185 1555 runt.
229 1493 311 1553 Num
324 1491 442 1551 inficiari
463 1504 554 1568 potes,
572 1505 601 1548 te
614 1490 663 1548 illo
684 1489 743 1568 ipso
757 1489 802 1550 die
824 1492 898 1553 meis

103 1571 250 1654 praesidiis,
275 1590 337 1652 mea
351 1570 496 1648 diligentia
516 1568 745 1638 circumclusum,
766 1588 900 1630 commo·

104 1672 172 1711 vere
185 1663 324 1710 recontra
338 1650 543 1730 rempublicam
558 1669 614 1707 non
629 1650 760 1729 potuine,
779 1663 848 1707 cum
863 1662 899 1709 tu

104 1732 216 1792 decessu
228 1742 406 1801 caeterorum,
428 1731 518 1789 nostra
531 1741 636 1801 tamen,
657 1730 707 1805 qui
717 1739 719 1748 ’
728 1730 901 1787 remanfiffe·
915 1729 918 1734 ⁴

106 1831 183 1882 mus,
205 1809 283 1868 caede
308 1821 475 1867 contentum
501 1822 528 1867 te
549 1809 604 1868 effe
624 1808 759 1867 dicebas?
792 1807 895 1885 Qud?

11 1943 12 1946 ,
104 1910 175 1952 cum
194 1900 256 1949 tute
270 1886 406 1948 Praeneste
426 1887 562 1947 Kalendis
576 1888 638 1968 ipsis
661 1885 831 1947 Novembris
852 1908 901 1951 oe·

90 1983 279 2049 ‘cupatnrum
294 1967 433 2026 nodiurno
447 1970 627 2046 impetueffe
638 1966 813 2025 confideres:
839 1968 901 2027 sen·

106 2050 206 2119 listine,
231 2047 308 2108 illam
321 2047 461 2104 coloniam
487 2046 646 2126 meojnllu,
672 2047 742 2105 meis
757 2048 901 2124 praesidiis,

52 2127 249 2196 wcustodiis,
274 2126 427 2204 vigiliisque
449 2127 503 2185 elle
526 2128 666 2186 munitam
675 2128 692 2197 ἓ,
721 2126 802 2185 Nihil
826 2127 903 2205 agis,

89 2201 178 2269 ‘nihil
204 2194 320 2278 moliris,
343 2202 413 2264 nihil
426 2207 545 2282 cogitas,
567 2206 646 2284 quod
659 2191 715 2283 eg‘o
738 2215 795 2263 nori
811 2207 903 2265 modo

105 2306 165 2347 non
192 2286 257 2344 audi
278 2307 316 2355 m,
340 2285 387 2345 sed
411 2285 497 2344 eriam
523 2305 580 2344 non
607 2285 729 2357 videam,
757 2284 903 2364 planeque

106 2306 454 2501 sentiam.3gllecognosce
469 2365 583 2423 taudem
596 2385 710 2440 mecum
724 2363 802 2421 illam
816 2363 902 2441 strpe-

107 2447 211 2506 ri'oreni
225 2464 262 2502 no
279 2451 344 2502 tem,
387 2445 452 2522 Jam
465 2444 603 2523 intelliges
618 2444 711 2503 multo
724 2462 771 2501 me
784 2443 920 2521 vigilare

107 2524 250 2604 acriurad
264 2522 390 2591 salutem,
413 2542 501 2601 quam
517 2537 546 2583 te
559 2517 593 2582 ad
617 2523 767 2601 perniciem
788 2524 906 2600 reipub-

107 2602 184 2663 licae)
221 2603 296 2661 Dico
309 2616 337 2661 te
350 2603 444 2681 priore
467 2603 550 2662 nodie
564 2604 665 2661 venille
677 2603 751 2660 inter
769 2600 907 2663 falcarios

107 2689 183 2761 (non
204 2701 287 2760 agam
302 2682 429 2754 absente)
446 2685 474 2739 in
489 2685 534 2741 M.
556 2684 654 2741 Leccae
669 2682 807 2741 domums
835 2701 908 2742 con·

107 2764 212 2823 venille
230 2760 331 2820 eodem
350 2761 513 2841 complures
527 2761 651 2836 ejusdem
665 2761 806 2842 amentiae,
819 2760 910 2821 scele-

108 2842 202 2921 risque
222 2840 321 2900 socios.
362 2842 443 2900 Num
457 2842 686 2918 negareaudes?
714 2838 785 2918 quid
798 2843 902 2901 taces?

107 2923 286 2992 convincam,
309 2916 328 2978 si
346 2938 443 2999 negas.
485 2921 579 2980 Video
593 2922 668 2980 enim
687 2921 741 2980 elle
754 2920 801 2977 lue
819 2940 848 2977 sn
863 2920 908 2981 se·

104 3013 180 3088 natu
193 2999 343 3084 quosdam,
365 3000 417 3082 qui
430 2995 530 3063 tecum
544 3018 602 3062 iura
616 2998 707 3063 fuere.
747 3000 776 3059 O
788 2999 836 3058 Dii
850 3000 909 3141 ilm-

411 3109 415 3114 ·
756 3091 912 3160 morines,
