1884 3559
103 191 165 239 200
357 166 388 228 Ο
406 167 435 229 R
452 166 482 225 A
503 165 534 225 Τ
552 167 568 227 1
587 166 618 226 0
805 153 823 189 Χ
878 243 884 251 ἡ

107 284 187 345 isnte
198 304 208 345 s
221 278 342 363 premiis
354 280 439 338 etiam
454 281 599 355 invitabat,
628 282 704 357 Qus
717 289 895 338 tamen-cru·

105 364 208 423 deliras
221 361 258 425 ab
271 361 325 419 hoc
339 360 439 419 eodem
453 360 562 438 aliquot
576 361 655 419 annis
669 359 740 437 post,
754 376 843 437 quem
858 369 891 415 tu

15 458 17 463 '
107 461 185 503 nunc
197 439 340 500 crudeiem
354 441 408 498 eise
420 438 471 512 vis,
495 439 633 498 vindicata
659 437 708 497 est.
749 440 812 516 Ego
827 453 895 493 vero

107 520 184 581 istud
195 539 253 579 nnn
266 517 385 598 postulo,
399 521 519 596 inquies.
559 522 603 577 lta
617 516 779 576 mehercule
801 515 894 574 existi·

108 620 169 672 sno,
180 599 309 659 Tubero.
348 598 425 667 Novi
438 600 514 656 enim
529 611 566 668 te,
592 598 659 656 novi
684 609 803 677 patrem,
827 590 893 653 novi

108 680 240 749 domum,
255 672 567 754 nomenquevesirums
595 676 684 735 studia
705 676 831 752 denique
844 692 892 751 ge·

107 761 181 819 neris
193 777 224 816 ac
236 756 351 815 familiae
362 754 468 826 veiirae,
480 756 601 822 virtutis,
612 756 806 823 humanitatis,
826 753 895 811 doc·

106 840 198 910 trinae,
211 837 400 914 plurimarum
410 836 515 895 artium
529 850 615 913 atque
624 838 809 913 optimarum,
824 819 893 890 noia

107 917 173 978 funt
185 916 256 975 mihi
270 915 374 975 omnia.
416 917 515 993 [taque
527 928 603 973 certe
616 914 681 986 scio,
707 933 757 971 vos
770 931 829 971 non
844 929 892 989 pe·

107 1009 168 1058 tere
187 996 350 1073 sanguinem
363 1017 372 1054 :
385 994 432 1054 sed
445 1013 548 1073 parum
561 995 714 1052 attenditis.
730 993 792 1061 ¹Res
810 991 891 1050 enim

45 1096 145 1136 ...seo
157 1076 272 1154 spebiat,
287 1088 320 1133 ut
330 1092 363 1131 ea
373 1093 467 1153 poena,
495 1075 523 1132 in
536 1092 593 1152 qua
603 1073 697 1132 adhuc
710 1070 891 1148 QLigariue

107 1157 151 1227 fit,
179 1173 235 1213 uon
246 1154 397 1213 videamini
410 1155 464 1211 effe
478 1153 613 1212 contenti.
655 1154 729 1228 Qrae
748 1150 788 1209 est
802 1151 892 1228 igitur

107 1235 171 1306 ulia,
186 1247 287 1317 praeter
298 1247 422 1295 mortem
437 1233 449 1290 i
473 1232 588 1290 sienim
605 1229 793 1301 incursui,
809 1227 891 1288 ficuti

106 1312 156 1385 est,
166 1313 236 1394 quid
249 1312 371 1389 amplius
383 1310 552 1392 postulatis?
582 1312 641 1373 An,
650 1330 686 1370 ue
700 1309 862 1388 ignoscatur
873 1309 887 1367 i

106 1395 174 1455 Hoc
188 1412 255 1452 vero
277 1391 372 1452 muito
393 1389 531 1458 acerbius,
555 1390 704 1469 multoque
723 1387 763 1448 eii
777 1389 891 1449 durius.

105 1473 260 1550 Qsodnos
285 1470 361 1530 dorni
385 1471 519 1549 petimus,
539 1470 668 1548 precibus
688 1474 721 1529 et
747 1466 890 1546 iacrymis,

26 1580 33 1598 ·
106 1550 237 1633 prostrati
250 1551 285 1608 ad
294 1550 389 1630 pedes,
402 1568 458 1608 non
473 1563 532 1608 tam
543 1548 642 1608 nossrae
654 1548 745 1608 causae
758 1548 889 1617 fidentes,

106 1651 195 1710 quam
208 1627 293 1705 hujus
308 1629 499 1688 humanitati:
514 1629 543 1686 id
557 1647 592 1687 ne
605 1628 802 1706 impetremus,
817 1645 891 1705 pug-

106 1710 210 1770 nabis?
241 1722 270 1768 et
295 1710 324 1767 in
338 1706 463 1767 nostrum
490 1708 590 1766 fletum
606 1707 769 1786 irrumpes?
794 1718 824 1765 et
837 1725 889 1766 nos

104 1790 228 1867 jacentes
243 1787 279 1845 ad
293 1787 377 1866 pedes
392 1786 562 1867 supplicium
577 1780 645 1848 vnce
656 1784 818 1866 prohibebis
834 1786 846 1845 i

146 1871 185 1940 Si,
197 1864 265 1926 c‘um
278 1868 334 1929 hoe
346 1865 424 1925 domi
439 1866 606 1936 faceremus,
624 1867 702 1943 quod
715 1881 744 1926 et
755 1858 888 1937 fenmus',

104 1959 144 2020 et,
170 1959 203 2007 ut
225 1941 314 2024 spero,
337 1965 393 2004 non
414 1945 516 2004 frustra
542 1944 673 2019 fecimus,
694 1958 728 2005 tu
750 1946 889 2023 derepen-

103 2042 134 2087 te
156 2026 304 2104 irrupisset,
340 2036 369 2083 et
394 2025 517 2089 clamare
553 2027 689 2103 coepiiies,
723 2023 759 2162 9.
782 2023 890 2096 Caesar,

102 2115 171 2167 eaie
181 2104 317 2183 ignoscas,
343 2122 410 2163 cave
436 2117 471 2164 tu
492 2104 622 2175 fratrum,
650 2124 701 2183 pro
741 2105 823 2163 ratris
847 2104 892 2162 sa·

78 2186 165 2246 ‘iute
190 2182 404 2254 obsecrantium,
441 2182 625 2244 misereatur:
654 2204 747 2243 nonne
770 2201 886 2243 omnem

101 2265 311 2334 humanitatem
325 2263 467 2323 exuiiies?
491 2266 611 2339 Quanto
621 2263 676 2322 hoc
685 2263 795 2335 durius,
807 2261 889 2340 quod

103 2342 246 2405 nosdomi
264 2344 396 2421 petimus,
410 2341 464 2401 idi
478 2354 506 2402 te
519 2346 547 2400 in
560 2341 624 2402 foro
640 2343 802 2421 oppugnari
816 2345 828 2403 i
856 2354 888 2401 et
926 2385 927 2391 κ

102 2423 134 2483 in
147 2421 195 2482 tali
207 2419 314 2479 miseria
323 2420 493 2489 multorum,
510 2421 673 2501 perfugium
688 2421 887 2482 misericordia

103 2501 226 2562 tollere?
244 2500 346 2559 Dicam
360 2500 457 2579 piane,
466 2502 507 2567 C.
521 2502 625 2575 Cesar,
639 2500 719 2580 quod
731 2502 830 2563 sentio.
856 2501 887 2561 Si

48 2647 51 2653 ,
101 2584 132 2642 in
142 2582 196 2641 hac
206 2592 284 2638 tanta
301 2592 351 2639 tua
375 2579 489 2638 fortuna
512 2580 611 2640 leuitas
633 2594 710 2639 tants
731 2601 789 2642 non
809 2582 888 2655 effer,

99 2675 239 2741 quautam
248 2671 280 2718 tu
290 2678 341 2738 per
354 2673 394 2731 te,
405 2678 457 2737 per
467 2672 504 2727 re,
518 2664 646 2738 inquam,
654 2660 776 2732 obtines,
793 2660 888 2737 (intei-

98 2741 160 2820 ligo
173 2740 242 2820 quid
255 2738 370 2815 loquar)
384 2739 555 2798 aterbiffsmu
565 2739 646 2800 lubin
655 2741 826 2801 redundaret
836 2739 888 2801 ius

100 2821 236 2881 vibtoria„
270 2819 365 2893 Qum
377 2817 459 2877 multi
473 2820 550 2877 enim
561 2821 647 2879 effent
668 2820 703 2879 de
721 2820 885 2895 nitoribus,

100 2901 151 2979 qui
165 2897 345 2958 recrudelem
360 2897 413 2954 eise
425 2895 541 2968 veilent,
566 2918 633 2958 cum
646 2902 733 2959 etiam
757 2900 794 2959 de
806 2900 885 2961 viliis

29 2984 54 3003 ““
99 2976 300 3057 reperiantur?
314 2993 401 3052 quam
419 2976 502 3034 multi
516 2978 576 3053 qui,
599 2997 666 3037 cum
690 2978 708 3036 b
729 2993 761 3039 te
779 2980 884 3039 nemini

63 3124 69 3131 ,
101 3056 205 3135 ignbsci
215 3053 327 3124 vellent,
342 3053 511 3130 impedirent
523 3054 702 3116 elementiam
715 3071 885 3131 tuam,sum

100 3138 188 3201 etiam
200 3134 230 3212 ii,
238 3132 341 3213 quibus
349 3131 411 3215 ipse
434 3132 574 3214 ignovisti,
597 3136 690 3200 nolint
709 3149 738 3200 te
759 3137 793 3200 ia
815 3137 886 3278 ³¹23:
