1884 3559
14 99 186 161 ''tffix
296 141 298 146 ·
368 88 639 159 ORATIO

99 215 210 297 inquit,
229 214 336 289 semper
345 216 468 293 populus
482 213 639 286 Romanus,
662 215 772 294 semper
782 228 876 277 οπως
926 288 927 293 ¹

103 311 202 375 gentes
215 295 376 370 loquentur,
402 294 480 352 nulla
497 314 622 373 unquam
637 294 812 354 obmutescet
837 316 877 353 ve·
925 296 927 315 ⁴

97 377 201 437 tusas.
240 375 320 448 Qun
340 373 396 430 hoc
410 387 539 451 tempore
564 372 633 452 ipso,
657 394 726 432 cum
752 375 876 433 olnnesi

102 457 172 517 meis
186 455 304 512 inimicas
324 451 397 524 faces
411 473 481 512 tueae
491 455 600 512 invidiae
616 453 814 527 subjicientem
841 467 876 511 ta·

102 553 168 594 men
177 533 256 590 omni
269 533 297 589 'sn
310 531 459 591 bominum
468 541 554 603 coet'u,
580 534 676 610 gratiis
698 532 825 610 agendis,
848 546 874 591 et

96 612 335 693 gratulationibus
360 610 504 683 habendis,
519 614 647 670 etomni
661 611 788 671 sernmne
810 612 877 672 cele·

84 692 225 774 ‚btainnn
244 742 248 759 ,
266 688 640 767 OmittpEtruriaefestoset
652 692 740 761 astos,
759 705 788 749 et
807 679 877 749 intll-

96 783 176 837 tutos
192 771 269 828 diet:
283 770 432 833 centesima
453 770 505 828 lux
514 769 553 828 est
578 771 639 828 baee
658 770 695 830 ab
720 770 835 831 interitu
846 771 874 829 P.

93 850 201 918 Clodii,
214 860 253 918 et,
267 863 302 906 ut
315 848 424 924 opinor,
448 847 556 908 altera:
581 869 638 926 qua
661 851 730 907 sines
763 849 873 926 imperii

72 980 81 997 ,
96 930 194 1008 pupuli
208 928 409 999 Romailisunt,
435 947 470 1001 ea
482 949 539 986 non
560 926 651 990 solum
665 927 819 1001 'samajam
839 928 873 988 de

54 1055 56 1060 .
82 1008 314 1074 'illeedetlam
338 1005 435 1064 latitia
459 1007 625 1085 peregravit.
666 1007 871 1079 Quamobrem,

95 1088 144 1147 ubi
156 1084 259 1164 enrpus
273 1086 327 1143 hoc
348 1087 388 1155 sit,
406 1105 472 1156 non,
488 1087 587 1164 lnquit,
614 1086 712 1145 laboro
730 1087 869 1163 ,quoniam

93 1168 224 1258 qmnjbus
234 1160 355 1223 in'tern's
368 1162 468 1239 etjam
480 1168 609 1235 venatur,
622 1181 652 1225 et
665 1165 775 1240 semper
795 1166 870 1224 habi·

14 1189 82 1335 gb
92 1248 163 1304 tabit
174 1242 292 1304 nominis
306 1244 360 1302 mei
375 1228 587 1335 gluniaffllaec
601 1262 632 1302 tu
655 1262 769 1303 nicetam
791 1245 872 1325 saepe,

91 1327 134 1384 his
152 1325 325 1383 absentibus:
353 1322 398 1380 sed
412 1323 507 1382 iisdem
519 1325 708 1396 audientibus,
729 1325 791 1381 baec
816 1344 868 1401 ego

86 1416 196 1476 seeum,
223 1403 304 1459 Milo.
344 1402 523 1480 Teqnidem,
543 1404 620 1480 quod
639 1402 689 1461 isto
711 1405 811 1461 animo
831 1423 867 1470 es,

85 1484 153 1543 satis
174 1482 289 1540 laudare
302 1500 356 1538 non
367 1483 497 1558 pollumz
521 1483 575 1552 sed,
588 1500 647 1559 quo
656 1481 695 1540 est
709 1481 757 1540 ista
778 1483 867 1559 magis

62 1615 65 1621 ,
85 1564 182 1621 diuina
198 1564 292 1630 virtus,
306 1580 341 1617 eo
355 1559 485 1634 majorca
499 1520 527 1618 se
541 1561 637 1621 dolore
645 1558 770 1620 divellor.
804 1562 866 1621 Nec

86 1662 162 1710 veru,
179 1643 195 1696 si
209 1640 409 1715 niihieriperls,
426 1640 532 1717 reliqua
541 1640 578 1697 ell
590 1640 636 1697 illa
645 1642 742 1699 saltem
753 1640 790 1698 ad
800 1660 866 1698 con·

44 1736 46 1741 ’
84 1720 240 1791 solandum,
252 1719 375 1796 querela,
389 1734 421 1776 ut
435 1721 478 1778 his
501 1719 576 1777 irasci
592 1719 696 1797 posim,
717 1719 745 1809 ‘s'
761 1720 864 1811 quibua

83 1815 197 1861 tautum
211 1798 313 1856 vulnus
336 1817 480 1876 accepero.
520 1800 588 1858 Non
602 1800 675 1857 enirn
688 1798 794 1858 inimici
810 1802 863 1857 mei

84 1895 112 1939 te
133 1878 202 1936 mihi
221 1877 348 1954 eripient,
376 1877 421 1934 sed
441 1877 612 1936 amicissimi:
635 1898 690 1935 nnn
718 1879 793 1937 male
816 1880 863 1937 ali·

81 1958 199 2038 quaudo
208 1956 242 2014 de
256 1975 300 2013 me
313 1956 412 2026 metiti,
426 1956 470 2013 sed
482 1956 590 2033 semper
598 1958 715 2032 optime.
738 1958 859 2018 Nullum

80 2056 218 2115 unquam,
230 2034 348 2108 judices,
370 2036 448 2104 mihi,
471 2050 580 2108 tantum
595 2037 720 2093 dolorem
735 2038 861 2110 inurens,

82 2119 146 2195 (etsi
159 2115 229 2192 ¹quis
244 2114 335 2192 potest
355 2115 407 2171 etl'e
427 2127 520 2173 tantus
534 2117 562 2186 ?)
589 2117 641 2173 Sed
655 2116 779 2189 uehunt
799 2118 860 2193 qui·

80 2198 145 2259 dein
160 2193 260 2273 ipsum,
275 2208 307 2250 ut
320 2189 471 2264 obliviscar,
486 2197 583 2270 quanti
599 2215 644 2253 nte
657 2194 766 2273 semper
786 2194 857 2254 fece·

79 2277 147 2335 ritis.
189 2276 263 2347 Qae
279 2273 355 2333 sivos
368 2275 442 2350 cepit
465 2273 579 2339 oblivio,
592 2274 674 2332 autst
694 2270 722 2331 in
739 2295 785 2332 me
810 2274 859 2333 ali·

78 2354 148 2434 quid
161 2350 309 2411 offendistis
324 2373 331 2408 ε
347 2371 397 2410 cur
411 2371 466 2410 nnn
481 2353 508 2408 id
521 2373 584 2409 meo
597 2353 688 2429 capite
701 2348 794 2429 potius
806 2354 857 2413 lui·

76 2446 134 2503 tur,
151 2450 237 2509 qnam
250 2430 389 2489 Milonis?
412 2430 625 2490 Praeclareenim
636 2432 745 2503 vixero,
757 2433 855 2510 siquid

77 2513 146 2572 milti
161 2509 290 2569 acciderit
312 2508 388 2584 prius
411 2510 460 2586 qui
483 2512 537 2567 hnc
563 2525 673 2568 tantum
700 2512 767 2569 mali
781 2508 855 2572 'vide-

75 2612 117 2652 m.
160 2592 189 2653 N
193 2608 246 2648 nnc
257 2602 305 2659 me
320 2606 375 2647 nna
384 2589 536 2646 consolatio
549 2588 691 2658 sustentat,
700 2591 779 2669 quod
792 2593 851 2662 nbi,

69 2670 144 2730 ὂΤ.
160 2668 243 2737 Anni,
270 2666 380 2747 nullum
393 2667 408 2724 ὲ
420 2686 464 2733 me
487 2671 599 2738 amoris,
620 2669 731 2728 nullum
760 2669 850 2747 slusii,

71 2749 184 2809 nullum
197 2747 306 2826 pletatis
326 2746 448 2804 ‹lfficium
467 2746 568 2805 defuit.
609 2749 671 2824 Ego
692 2749 849 2809 inimicitias

69 2829 228 2909 potentium
250 2842 301 2899 pro
315 2838 342 2882 te
353 2827 498 2902 appetivi:
514 2845 572 2903 egn
580 2847 677 2903 meum
704 2823 777 2906 sepe
790 2848 850 2888 cor·

69 2928 124 2986 pus
146 2920 175 2965 et
189 2907 273 2961 vitam
291 2902 382 2977 objeci
400 2906 487 2964 armis
514 2904 692 2969 inimicorum
708 2921 822 2968 tuorum
837 2928 846 2967 t

66 3007 124 3073 ego
136 3003 182 3042 me
195 2982 323 3062 plurimis
342 3000 395 3058 pro
415 2998 442 3040 te
455 2983 607 3064 supplicem
622 2986 733 3060 abjeci:
762 2988 845 3058 bona,

66 3067 195 3127 turtunas
207 3079 295 3136 meas,
308 3077 341 3119 ac
353 3061 507 3123 liberorum
520 3083 660 3141 meorum,
675 3066 702 3124 in
716 3084 845 3125 commu·

732 3164 846 3209 monem
