1884 3559
123 224 222 284 PRO
244 225 283 284 T.
308 222 486 285 ANNIO
510 221 732 285 ΜΙΕῦΝΕ.
770 239 829 306 ¹77
925 214 927 279 l

47 336 156 390 moenia'
169 332 238 392 flare
250 355 285 393 eo
299 337 363 393 vivo
386 334 508 401 tamdiu,
530 331 742 392 etconsnlaturn
764 328 826 403 eju⁸

45 414 195 487 expenare
210 417 369 489 potuillenr‚
388 417 433 473 ille
444 416 564 491 denique
575 415 653 469 vivus
665 411 730 467 mali
757 403 827 465 nihil

46 488 159 562 fecisset,
171 495 220 567 qui
234 509 375 564 mortuus,
395 515 452 553 uno
466 514 501 550 ex
516 494 569 550 luis
583 490 743 564 satellitibus
759 488 824 545 &in

46 567 152 627 Clodio
167 571 249 642 duce,
274 575 382 631 curiam
397 573 572 631 incenderit?
595 574 664 643 Qro
684 567 752 645 quid
774 568 825 622 nii·

43 644 140 718 serius,
161 649 230 726 qnid
254 653 389 723 acerbius,
409 652 478 729 qnid
500 649 652 708 ludnofins
676 645 824 704 vidimus?

45 727 205 804 Templum
219 727 378 801 lanuinus,
397 729 599 815 amplitudinis,
623 728 733 794 mentis,
757 744 825 781 con·

44 804 92 863 filii
108 807 222 882 publici,
237 825 324 887 caput
332 809 421 880 urbis,
443 829 519 867 aram
535 808 682 874 sociorum,
705 816 821 882 portum

43 886 173 942 ninnium
187 890 325 963 gentium,
345 890 436 947 l'edenr
448 889 486 947 ab
504 885 630 945 universo
640 884 747 962 populo
765 882 825 940 Ro·

44 982 130 1020 mano
142 967 296 1024 concedam
308 968 354 1025 uni
375 969 475 1038 ordini,
492 964 669 1033 inflammari,
689 960 824 1028 exscindi,

43 1040 204 1101 funestari?
219 1065 310 1124 neque
321 1047 349 1105 id
361 1048 423 1105 fieri
442 1048 457 1106 ἓι
479 1045 661 1104 multitudine
682 1041 825 1123 irnperlta,

43 1141 209 1197 quanquam
228 1129 294 1183 eil'er
307 1126 436 1185 miserum
451 1127 480 1183 id
506 1126 606 1201 ipsum,
620 1121 667 1178 led
685 1120 721 1177 ab
743 1138 825 1177 uno:

40 1202 88 1275 qui
103 1220 171 1258 cuni
182 1216 293 1261 rantum
308 1204 388 1262 ausus
404 1207 435 1261 fir
449 1205 526 1262 ultor
536 1223 588 1280 pro
602 1216 725 1264 mortun,
752 1197 825 1274 qnid

42 1278 156 1355 signifer
166 1300 219 1358 pro
231 1284 294 1340 vivo
307 1303 364 1341 non
381 1284 446 1342 effer
459 1283 542 1343 aulus
555 1284 566 1339 ?
595 1283 627 1339 ln
641 1280 747 1335 curiam
772 1297 823 1354 po·

40 1360 174 1416 riffimnm
182 1359 292 1434 abjecit,
305 1376 337 1420 nt
345 1382 406 1420 earn
418 1377 546 1421 mortuus
556 1358 723 1424 incenderet,
733 1374 824 1432 quum

29 1439 121 1494 'uivus
136 1454 282 1499 everterat.
324 1444 360 1500 Et
372 1444 435 1499 lunt
447 1443 495 1518 qui
522 1442 557 1497 de
580 1440 623 1496 via
638 1438 730 1513 Appia
744 1455 822 1511 qnae·

42 1533 152 1587 rantur,
178 1534 288 1578 taceant
301 1520 427 1579 decuria
443 1522 454 1578 ?
483 1522 572 1596 etqui
587 1519 622 1574 ab
644 1536 679 1573 eo
701 1514 823 1592 spirante

42 1593 138 1653 forum
154 1613 254 1672 putent
267 1600 385 1676 potuilse
399 1599 519 1665 defendi,
544 1597 625 1671 cujus
640 1614 697 1659 non·
719 1593 824 1652 restite·

41 1674 76 1730 rit
91 1675 218 1732 cadaveri
231 1685 308 1739 curia
323 1680 333 1735 l
358 1679 496 1743 Excirare,
508 1678 628 1735 excitate
638 1694 714 1745 eum,
739 1673 756 1729 fi
772 1692 823 1749 pn·

42 1751 126 1821 tellis,
142 1754 178 1811 ab
188 1754 291 1814 inferis.
334 1758 477 1835 Frangetis
493 1754 712 1833 ,impeturnviri
738 1752 827 1822 cujus·
886 1766 901 1805 ὲ.

41 1832 88 1889 rix
103 1829 240 1907 sustinetiu
253 1835 340 1892 furias
350 1835 501 1911 insepulti?
524 1837 572 1893 nili
588 1829 822 1901 verul'ullinuillis

18 1916 22 1925 ’
40 1927 99 1981 eor,
113 1913 241 1991 quicum
256 1913 362 1972 facibus
377 1914 412 1972 acl
423 1917 529 1972 curiam
543 1922 737 1979 cucurrerunt,
751 1927 819 1965 cum

39 1986 159 2047 falcibus
171 1991 206 2048 ad
220 1992 352 2063 Castoris,
374 2011 441 2051 cuni
455 1993 554 2072 gladiis
568 2005 630 2049 roro
648 1990 710 2047 foro
724 1987 823 2045 volita·

39 2082 117 2126 runt.
158 2069 238 2131 Caedi
252 2072 352 2130 vidistis
367 2073 508 2150 populum
531 2073 705 2139 Romanurn,
728 2066 823 2124 conci·

20 2164 125 2204 ‘onem
148 2148 248 2224 gladiis
269 2150 426 2224 disturbari,
449 2171 516 2211 cuni
540 2150 696 2209 audiretur·
714 2145 824 2203 silentio

41 2225 86 2285 M.
101 2226 224 2288 Coelius.
237 2229 366 2290 tribunus
397 2230 478 2304 lcbir,
506 2231 548 2288 vir
572 2243 601 2288 et
624 2231 653 2286 in
676 2223 821 2302 republica

40 2303 213 2376 fortiflimun
237 2322 265 2366 et
288 2309 316 2366 in
344 2251 468 2387 luldep'ta
487 2307 569 2368 causa
591 2305 769 2371 ruminans,
791 2317 823 2362 et

41 2379 182 2442 bonorum
193 2385 341 2455 voluntati,
356 2402 384 2445 et
405 2387 564 2447 auctoritati
574 2386 681 2446 senatus
696 2382 821 2456 deditur,

39 2464 111 2520 etin
125 2463 178 2520 hac
194 2464 309 2523 Milonis
329 2466 383 2524 live
397 2466 509 2539 invidia,
523 2467 577 2524 lire
591 2466 706 2523 fortuna
727 2462 821 2539 lingu-

39 2537 98 2606 lan',
120 2542 216 2599 divina
227 2560 255 2600 et
270 2545 423 2602 incredibili
435 2547 501 2605 fide.

31 2609 136 2706 >gued
144 2620 204 2694 jam
219 2621 280 2679 satis
291 2624 381 2682 multa
396 2625 430 2682 de
444 2624 525 2685 causa
539 2647 545 2683 :
557 2636 636 2682 extra
645 2619 756 2679 caulam
769 2610 821 2677 etl·
835 2572 914 2695 ‘W

41 2714 85 2754 arn
100 2700 182 2757 niniis
196 2699 305 2759 fortalle
321 2703 419 2761 rnulra.
460 2703 540 2780 Qud
554 2701 643 2771 restat,
670 2700 719 2757 nisi
734 2712 767 2756 ut
788 2718 821 2758 o·

40 2795 110 2846 reni,
139 2778 388 2855 obtesterquevos‚
404 2781 523 2857 judices,
549 2797 652 2839 utearn
667 2778 820 2837 miseriem

39 2854 112 2914 drani
128 2857 258 2915 tribuatis
272 2859 414 2919 furtiffimo
429 2864 497 2927 viro,
523 2881 608 2940 quam
627 2860 683 2934 ipse
697 2878 752 2916 non
767 2859 820 2914 im·

38 2934 148 3012 plorat:
174 2957 228 3014 ego
240 2941 333 3003 etiarn,
353 2953 527 3018 repugnante
551 2942 616 3009 hoc,
629 2952 659 2996 et
685 2936 819 3014 imploro,

39 3030 65 3070 et
79 3016 224 3092 exposco?
245 3018 351 3079 Nolite.
363 3020 381 3075 si
393 3022 420 3077 in
431 3022 523 3077 nosti-0
533 3020 659 3077 oninium
671 3017 738 3074 fletu
754 3014 819 3073 nul·

38 3091 92 3153 lani
103 3094 260 3177 lacrymam
274 3096 432 3176 adspexillis
443 3099 559 3159 Mrlonis
572 3121 579 3158 ε
595 3098 613 3155 fi
624 3097 735 3154 vultum
750 3097 818 3151 lern-

766 3187 819 3251 pti*
