1884 3559
148 4 163 28 ⁴s

116 207 215 267 eno
237 208 276 283 r.
300 204 478 267 anuto
503 202 725 267 tritona,
764 220 822 287 ¹77

47 319 146 374 moenia
162 315 230 382 {lare
243 337 278 375 eo
292 320 356 376 vivo
379 316 502 382 tamdiu,
523 330 552 374 et
562 312 735 373 conitiorum
757 309 819 385 cju⁸

45 397 187 471 capellare
202 400 363 472 potuissent,
382 399 426 455 ille
437 399 558 472 denique
569 397 646 451 vivus
659 392 724 448 rnali
750 384 821 447 nihil

46 472 152 546 fecisset,
163 478 213 550 qni
227 491 368 547 mortuus,
389 497 446 535 uno
460 496 494 532 ex
509 477 562 532 suis
576 472 736 545 satellitibus
753 470 818 526 &tn

46 551 145 611 Clodio
160 555 242 625 duce,
267 558 375 614 curiam
391 555 566 613 incenderit?
589 556 657 624 Qio
678 547 746 626 quid
767 548 819 604 ini·

43 628 133 701 serins,
155 633 223 709 quid
247 636 382 706 acerbius,
403 632 472 711 qnid
493 631 646 690 lueiuosrus
669 626 818 685 vidimus?

44 711 198 788 Templum
212 711 372 783 sandlitarir,
390 712 593 795 amplitudinis,
617 709 727 775 mentis,
751 724 819 763 con·

43 788 87 847 filii
102 786 216 866 publici,
230 808 317 869 caput
328 792 415 863 urbis,
437 811 513 849 aram
529 790 677 855 sociorum,
699 798 815 864 portum

42 870 166 926 ninnium
180 873 320 946 gentium,
339 872 430 930 sedern
442 872 480 929 ab
498 866 623 927 universo
634 866 741 943 populo
759 863 819 921 Ro·

42 965 123 1004 rnano
136 951 289 1007 concessam
301 950 348 1009 uni
369 952 469 1020 ordini,
486 945 663 1014 inflammari,
683 941 818 1009 exscindi,

41 1023 197 1085 funestari?
212 1048 304 1106 neque
315 1030 342 1088 id
355 1030 418 1088 fieri
436 1030 452 1088 el
473 1027 655 1086 multitudine
676 1023 819 1098 imperita,

41 1124 202 1181 quanquam
221 1113 288 1167 esset
301 1109 430 1168 miserum
445 1109 473 1165 id
500 1108 600 1184 ipsurn,
614 1103 661 1161 sed
679 1102 715 1159 ab
738 1119 819 1159 unoa

39 1186 82 1259 qui
98 1203 165 1242 cuni
176 1199 286 1245 tanturn
302 1187 382 1246 ausus
398 1190 429 1244 fit
443 1188 520 1244 ultor
530 1206 582 1263 pro
596 1198 720 1245 mortuo,
746 1179 819 1256 quid

40 1262 150 1339 fignifer
159 1284 212 1343 pro
225 1267 288 1325 vivo
301 1287 358 1325 non
375 1268 440 1325 esset
454 1266 560 1325 ausin?
590 1265 621 1321 ln
635 1262 742 1317 curiam
766 1278 817 1336 po·

38 1344 168 1400 tissimum
176 1342 287 1418 abjecit,
299 1360 331 1404 ut
339 1366 401 1403 eain
411 1359 541 1404 mortuus
550 1341 717 1406 incenderet,
728 1356 818 1414 quarn

30 1424 115 1479 ‘vivus
130 1438 276 1483 everterat.
318 1428 354 1484 Et
367 1428 429 1483 sunt
441 1426 490 1502 qui
517 1425 551 1480 de
574 1422 617 1478 via
632 1420 724 1495 Appia
738 1437 816 1493 quae·

39 1517 145 1571 rantur,
172 1518 282 1562 taceant
295 1504 421 1563 decuria
437 1506 450 1561 ἔ
477 1504 566 1578 etqui
581 1501 617 1557 ab
639 1518 673 1555 eo
696 1497 817 1574 spirante

39 1578 132 1639 sorum
148 1596 249 1656 putent
262 1584 379 1660 potuisse
393 1582 514 1648 delendi,
538 1578 619 1654 cujus
634 1596 692 1640 non
714 1574 817 1633 reslite·

38 1658 72 1715 tit
86 1659 212 1717 cadaveri
226 1668 303 1723 curia
317 1663 328 1719 l
353 1662 490 1726 Excitate,
502 1660 622 1718 excitate
632 1676 708 1726 erun,
733 1655 751 1710 si
766 1672 817 1731 po·

39 1735 120 1806 testis,
136 1738 172 1795 ab
183 1738 285 1797 inferis.
328 1741 471 1817 frangeris
487 1736 706 1816 ,imperunrviti
733 1733 821 1803 cuiun
881 1746 907 1791 ³„

38 1814 83 1872 rix
98 1813 235 1891 sustinetia
248 1818 334 1875 furiat
344 1819 470 1894 insepulti
485 1820 496 1876 ?
519 1820 566 1876 nifi
582 1810 816 1883 verosuslinuislia

37 1911 93 1973 eor,
108 1897 235 1975 quicum
250 1896 357 1954 facibus
372 1897 407 1955 ad
417 1900 524 1955 curiam
537 1903 732 1960 cucurrerunt,
745 1908 814 1946 cum

36 1968 153 2031 falcibus
165 1974 201 2030 ad
215 1974 347 2044 Calloris‘,
369 1994 435 2033 curn
450 1975 548 2054 gladiis
562 1987 624 2031 toto
643 1971 705 2029 foro
719 1968 817 2026 volita·

35 2066 111 2110 runt.
152 2052 347 2113 Caedividisiir
362 2055 502 2132 populum
526 2054 699 2119 Romanurn,
723 2048 818 2105 conei-

21 2146 119 2187 'onenr
142 2130 243 2207 gladiis
264 2132 423 2206 disturbari,
444 2154 511 2193 curn
534 2131 691 2190 audiretur·
708 2126 819 2184 blentio

36 2209 80 2268 M.
95 2210 218 2270 Coelius.
232 2211 361 2272 tribunus
393 2212 473 2285 lebis,
501 2213 543 2270 vir
567 2224 596 2269 et
619 2213 647 2268 in
671 2204 816 2284 republica

35 2286 207 2359 sortiffimus,
232 2305 260 2348 et
283 2291 311 2349 in
339 2233 463 2370 sulcepia
482 2289 564 2349 cansa
586 2287 764 2352 firmissimus,
786 2298 818 2343 et

36 2362 176 2425 bonorum
188 2369 337 2437 voluntati,
351 2384 379 2427 et
400 2370 559 2428 austeritati
569 2368 676 2427 senatus
691 2364 816 2437 deditur,

34 2448 104 2504 etin
119 2446 173 2504 hac
188 2447 304 2506 Milonis
325 2449 378 2507 sive
392 2448 504 2521 invidia,
515 2450 572 2506 ’live
586 2448 701 2505 fortuna
722 2444 817 2520 singu·

34 2521 91 2590 lari,
114 2526 211 2583 divina
222 2543 250 2583 et
265 2527 419 2585 incredibili
430 2529 496 2587 lide.

27 2594 62 2691 ff
73 2605 130 2662 Sed
138 2603 199 2678 jarn
214 2605 275 2662 saris
286 2607 376 2664 multa
391 2607 426 2664 de
439 2607 520 2667 eausa
534 2628 541 2664 :
553 2617 632 2663 extra
640 2601 751 2660 causam
762 2590 817 2659 eti·
830 2553 910 2676 ‘W

35 2699 77 2739 am
92 2684 177 2742 nimis
190 2683 300 2742 fortasse
316 2685 415 2743 inulta.
456 2686 535 2762 Quid
549 2683 638 2752 restat,
665 2682 715 2738 nisi
730 2694 763 2738 ut
784 2699 816 2740 o·

34 2779 103 2831 reru,
133 2762 310 2838 obtesterque
323 2785 383 2834 voe,
399 2764 518 2839 judices,
544 2778 576 2820 ut
586 2778 647 2821 earn
663 2760 816 2818 misericor*

33 2838 106 2898 drani
122 2842 253 2900 tribuaris
266 2842 410 2901 sanissimo
425 2846 492 2909 viro,
518 2862 604 2921 quarn
623 2841 678 2915 ipse
693 2859 748 2897 non
763 2840 816 2896 im·

32 2919 142 2995 plorat:
168 2941 223 2998 ego
235 2925 328 2987 erianr,
348 2936 523 2999 repugnante
546 2923 611 2990 boe,
625 2933 655 2977 ct
680 2918 815 2995 imploro,

33 3014 57 3054 et
72 3000 219 3076 exposco?
240 3001 346 3063 Nolite.
359 3002 376 3058 fi
389 3004 518 3059 innostro
529 3003 655 3058 omnium
666 2999 734 3056 fletu
749 2996 815 3054 nul·

31 3074 86 3136 lam
97 3078 255 3160 lacrymant
268 3079 428 3160 adspexislis
439 3081 555 3140 Milonis
567 3103 576 3139 e
590 3078 731 3137 sivulrunr
746 3078 814 3132 seni·

762 3168 850 3232 Pel·
