1884 3559
66 201 70 210 ’
142 197 241 259 iro
272 199 408 259 naon
440 197 748 270 nnrornro.
795 203 854 280 ης

45 311 140 372 *dem
183 314 279 373 Multa
294 312 321 373 se
335 313 497 381 arbitratur,
524 325 553 370 et
567 310 702 388 peperisse
713 322 779 368 ante
793 309 852 368 sae·

52 394 108 464 tis,
122 405 152 452 et
163 393 267 453 habere
278 395 306 452 in
320 396 424 463 animo,
446 404 533 468 arque
553 392 666 460 virtute,
690 409 755 468 qoae
769 388 854 447 nullo

58 472 152 531 modo
170 473 250 552 poffit
268 473 409 531 amittere.
447 474 524 547 Qae
549 472 624 528 enim
652 470 776 539 fortuna,
800 480 853 528 aut

44 551 127 628 ‘quis
141 551 229 622 casus,
254 565 303 610 aut
317 571 382 629 quae
396 566 475 609 tanta
489 549 566 627 possit
587 549 696 624 injuria,
719 550 851 608 omnium

54 629 268 709 imperatorum
281 632 316 689 de
328 631 464 692 Deiotaro
475 630 587 687 decreta
596 631 710 688 delere?
732 629 780 685 Ab
789 648 854 686 om·
927 671 932 678 .

58 710 145 767 nibus
154 705 228 769 enim
242 712 285 769 his
299 724 414 769 ornatos
428 709 478 781 est,
506 712 566 787 qui,
581 707 729 787 postquam
753 709 781 764 in
795 706 853 766 eas·
878 777 880 781 ἱ

58 791 111 847 tris
126 790 180 847 esse
192 789 288 867 potuit
302 810 351 867 per
371 801 494 858 atatem,
517 792 543 845 in
560 790 633 859 Asa,
657 786 851 865 Cappadocia,

57 868 163 935 Ponto,
176 870 283 938 Cilicia,
299 869 386 946 Syria,
401 869 473 925 belsa
488 870 640 944 gesserunt.
672 870 790 925 Senatus
804 885 853 925 ve·

57 965 94 1005 ro
106 946 214 1021 judicia
227 948 263 1007 de
286 948 334 1006 ilio
355 962 412 1005 tam
426 948 526 1016 multa,
554 962 671 1025 tamque
684 945 853 1018 honorifica,

56 1044 126 1103 qnae
142 1027 259 1103 publicio
273 1025 373 1107 populi
397 1029 518 1086 Romani
533 1025 628 1097 literis,
649 1026 852 1086 monumentis·

56 1115 119 1183 qne
132 1107 292 1185 confignata
303 1109 375 1178 sunt,
419 1127 461 1163 oae
481 1124 608 1183 unquam
630 1102 750 1164 vetustas
764 1104 852 1165 obru-

55 1193 98 1256 et,
125 1200 175 1244 aut
186 1206 251 1264 quae
273 1203 350 1245 tanta
365 1127 468 1244 deiebit
483 1185 587 1242 oblivio
603 1185 614 1240 ἒ
650 1185 730 1261 Qid
748 1182 784 1241 de
797 1185 853 1244 vir·

55 1257 198 1341 tnte⁸eins
208 1267 301 1340 dicam
318 1269 330 1325 ἓ
346 1266 459 1343 quidde
469 1264 664 1341 magnitudine
676 1264 772 1333 animi,
786 1282 850 1341 gra·

53 1344 156 1417 vitate,
173 1344 352 1405 constantia?
377 1365 441 1422 quae
455 1364 554 1403 omnes
569 1344 654 1413 dosti,
680 1355 765 1421 atque
778 1342 851 1422 sapi·

54 1437 138 1483 entes
152 1424 285 1496 summa3
308 1425 424 1502 quidam
438 1427 524 1482 etiam
536 1423 592 1482 sola
609 1424 682 1481 bona
701 1425 754 1481 esse
773 1421 851 1483 dixe·

9 1518 14 1524 ·
54 1517 145 1562 runt:
168 1505 263 1582 hisque
284 1525 341 1562 non
357 1504 443 1561 modo
457 1503 493 1560 ad
504 1505 583 1570 bene,
599 1502 738 1561 sedetiam
754 1500 789 1559 ad
802 1504 853 1562 be-

54 1595 105 1641 ate
120 1583 275 1643 vivendum
283 1599 448 1642 contentam
464 1582 597 1640 virtutem
612 1584 675 1641 esse.
685 1574 788 1645 sflaec
803 1582 852 1643 ille
862 1523 923 1638 [0]

54 1676 207 1740 reputans,
236 1678 263 1722 et
282 1661 382 1722 dieser
397 1662 492 1720 nones
518 1664 656 1739 cogitans,
680 1681 736 1720 non
762 1662 853 1721 modo

55 1742 110 1798 tibi
122 1762 178 1800 non
194 1741 341 1813 succenset,
354 1744 433 1819 (esset
447 1743 523 1799 enim
537 1761 593 1800 non
605 1740 694 1799 solum
709 1742 850 1819 ingratus,

53 1820 205 1880 sedetiam
228 1825 339 1893 amens)
355 1841 452 1880 vernm
475 1841 590 1879 omnem
605 1820 849 1898 tranquillitatem,

9 1927 10 1932 ¹
49 1902 220 1978 etquietem
240 1902 387 1961 senecintis
413 1914 557 1977 acceptam
575 1900 660 1958 refert
686 1901 846 1959 clementiae

49 1993 124 2039 tnae.
167 1977 236 2052 Quo
257 1980 371 2059 qoidem
387 1978 483 2037 animo
503 2000 569 2038 eum
591 1993 673 2038 antea
694 1979 762 2051 soit,
784 1994 849 2041 tum

51 2079 112 2118 non
125 2060 235 2128 dubito,
255 2062 324 2138 quin
340 2061 394 2117 tuis
409 2060 506 2129 literis,
527 2078 652 2137 quarum
678 2060 846 2136 exemplum
887 2114 890 2123 ‚

51 2138 123 2216 legi,
133 2159 203 2216 quas
215 2139 326 2199 adeum
340 2142 503 2202 'Tarracone
515 2141 581 2196 huic
591 2136 729 2197 Blesamio
740 2139 850 2210 dedisti,
900 2131 905 2140 ’

50 2218 80 2276 se
92 2220 185 2296 magis
199 2220 283 2277 etiam
305 2220 436 2287 erexerit,
459 2220 495 2276 ab
508 2218 644 2296 omnique
663 2217 851 2278 sollicitudine

50 2296 230 2357 abstraxerit.
269 2297 356 2377 Jubes
367 2299 441 2356 enim
456 2317 522 2356 eom
535 2298 607 2355 bene
620 2297 738 2373 sperare,
751 2314 781 2356 et
795 2298 847 2356 bo·

48 2398 92 2436 no
108 2379 164 2436 esse
177 2378 293 2437 animo:
316 2377 393 2455 quod
408 2377 462 2435 scio
476 2390 505 2434 te
518 2394 574 2435 non
597 2375 698 2435 frustra
725 2376 848 2437 scribere

15 2509 21 2533 ,
50 2455 156 2515 solere.
178 2457 307 2532 Memeni
321 2458 397 2515 enim
411 2456 507 2514 iisdem
530 2456 587 2514 sere
600 2456 690 2514 verbis
704 2457 739 2513 ad
755 2470 851 2518 mete

43 2535 178 2605 scribere,
196 2556 299 2615 meque
310 2536 365 2596 tuis
377 2536 462 2593 literis
475 2536 547 2593 bene
559 2535 668 2612 sperare
681 2553 739 2593 non
750 2536 850 2595 srussra

49 2615 110 2673 esse
118 2613 236 2688 jussum.
276 2616 390 2674 Laboro
402 2617 536 2691 equidem
550 2615 621 2692 regis
636 2615 763 2673 Deiotari
782 2634 849 2675 cau·

13 2751 18 2758 ,
38 2693 89 2764 sa,
102 2696 304 2772 quocommihi
319 2695 472 2754 amicitiam
498 2693 653 2773 respublica
679 2694 852 2768 conciliavit,

51 2774 211 2851 hospitium
227 2774 356 2834 volontas
371 2773 520 2851 utriusque
527 2772 688 2848 conjunxit,
705 2774 850 2832 familiari·

45 2864 147 2912 tatem
162 2853 339 2912 consuetudo
352 2853 457 2919 attolit,
472 2853 613 2911 summam
624 2872 690 2911 vero
704 2853 849 2913 necessitu-

44 2932 149 2991 dinem
183 2952 285 3011 magna
299 2930 360 3007 ejus
375 2933 465 2989 officia
488 2934 517 2991 in
531 2952 585 3000 me,
609 2946 637 2991 et
651 2933 851 2993 inexercitum

44 3030 150 3071 meum
168 3013 324 3073 effecerunt
337 3035 345 3071 t
360 3011 488 3070 sed¹cum
504 3012 540 3070 de
553 3013 602 3069 ilio
616 3012 724 3084 laboro,
740 3027 802 3070 tum
813 3012 850 3070 de

45 3092 153 3150 multis
165 3092 338 3171 amplissimis
353 3091 429 3160 viris,
443 3091 548 3168 quibos
570 3090 655 3149 semes
685 3090 851 3167 ignotnma

42 3180 77 3231 te
100 3171 156 3230 esse
177 3186 300 3254 oportet,
324 3189 377 3232 nec
398 3170 569 3232 beneficium
593 3183 690 3232 tuum
712 3172 742 3230 in
763 3168 850 3230 dubi·

782 3266 851 3313 'iim
