1884 3559
106 171 203 231 rto
236 169 383 231 anco
416 123 738 234 uuro'ratro.
780 190 835 233 ,ιι

30 277 142 356 ‘cipem
157 280 287 351 civitatis,
300 282 327 340 in
339 279 481 357 judicium
494 282 593 361 populi
607 283 735 353 vocasset,
750 281 841 339 Scau·
869 271 885 316 '³
900 275 909 306 ²

41 359 133 437 'rique
153 360 246 418 servus
260 359 296 418 ad
308 381 376 420 eum
389 360 462 421 clam
475 362 594 421 domum
610 364 731 431 venisset,
742 373 771 419 et
784 360 844 419 cri·v

44 441 125 496 mina
148 441 175 497 in
190 439 338 504 dominum
351 440 514 500 delaturum
524 442 552 500 se
565 444 618 500 elle
629 442 755 500 dixisset:
771 441 848 517 pre-¹

45 518 136 577 heudi
163 519 309 578 hominem
335 518 407 589 iussit
430 522 466 580 ad
494 520 693 599 Scaurumque
721 518 839 580 deduci.

45 597 134 671 Vide,
150 599 219 677 quid
230 598 354 660 interfit:
368 602 418 660 etsi
431 602 527 679 iuique
536 601 683 661 Castorem
696 620 763 668 cum
776 600 842 659 Do·
929 597 930 602 ’

44 678 130 736 mitio
144 697 296 757 comparo:
312 678 362 738 sed
373 694 468 740 tameo
477 681 524 740 ille
539 682 654 740 inimico
668 680 777 739 servum
792 695 842 737 re*-

44 758 133 828 misrt,
145 771 178 817 tu
198 759 233 817 ab
248 779 300 826 avo
314 758 471 825 abduxisti:
496 760 759 838 lileriucorruptum
784 776 843 817 au-

44 827 108 896 dire
130 835 233 909 noluit,
247 851 279 896 tu
293 839 440 919 corrupisti
455 862 462 898 :
488 840 535 899 ille
549 841 708 915 adjutorem
724 839 837 898 servum

44 930 149 975 contra
169 907 319 978 dominum
341 918 512 998 repudiavit,
538 921 667 979 tuetiam
693 918 839 977 accusato·

39 1015 107 1055 rem
124 996 283 1058 adhibuisti.
324 999 365 1056 At
380 998 463 1064 semel
481 999 530 1058 iste
542 999 742 1077 estcorruptus
756 997 773 1056 *a
786 1018 837 1056 vo·

43 1075 86 1133 bis
102 1077 117 1134 ?
141 1075 247 1136 Nonne
260 1096 328 1140 curn
342 1079 409 1137 effer
422 1078 634 1159 produslussst
657 1095 723 1137 cum
739 1091 838 1137 tecum

44 1154 154 1226 fuisset,
168 1153 274 1234 refugit
288 1156 323 1214 ad
338 1157 445 1236 legatos
459 1160 470 1218 ?
494 1178 587 1217 noune
600 1157 732 1218 etiamad
755 1157 836 1216 huuc

44 1235 104 1296 Cn.
122 1236 286 1295 Domitium
301 1239 377 1295 venit
392 1239 403 1296 l
426 1258 530 1310 nonne,
545 1237 676 1298 audiente
690 1238 745 1295 hoc
757 1238 837 1296 Serv.

43 1313 343 1394 Sulpitio„clariffimo
355 1318 425 1387 viro,
449 1319 502 1396 qui
525 1329 588 1376 tum
603 1316 667 1376 casu
681 1315 759 1395 apud
774 1317 840 1374 Do·

44 1395 163 1453 mitium
183 1395 323 1466 coenabat,
347 1408 376 1453 et
400 1398 456 1454 hoc
480 1398 519 1455 T.
538 1398 699 1475 Torquato,
722 1393 837 1472 optimo

43 1473 232 1546 adolescente,
254 1473 281 1534 se
294 1476 311 1533 l
324 1490 353 1534 te
365 1490 544 1554 corruptum,
569 1479 624 1534 tuis
648 1475 783 1554 promissis
805 1475 837 1534 in
928 1532 930 1539 ,

43 1552 179 1621 fraudem
191 1554 356 1633 impulsum
372 1556 427 1614 esse
446 1556 585 1615 confessus
614 1554 677 1614 est?
700 1558 774 1630 Qae
795 1553 837 1614 est

42 1633 93 1692 ista
106 1645 167 1691 tam
180 1635 341 1713 impudens,
366 1648 424 1693 tam
439 1636 560 1694 crudelis
578 1641 637 1693 tam
663 1633 836 1693 immodera-

42 1725 72 1772 ta
88 1713 310 1772 inhumanitas?
334 1714 445 1773 Idcirco
458 1715 486 1773 in
510 1716 582 1773 hanc
603 1714 703 1773 urbem
727 1713 836 1785 venisti,

43 1804 77 1852 ut
91 1790 183 1867 hujus
195 1793 270 1851 urbis
283 1791 349 1866 jura
374 1809 403 1851 et
416 1793 547 1872 exempla
559 1812 766 1872 corrumperes,
783 1794 835 1852 do·
857 1855 859 1861 ,

43 1871 218 1950 mestieaque
232 1886 286 1937 tua
297 1876 473 1933 immanitate
487 1872 670 1952 inquinares?
694 1876 735 1930 At
745 1892 834 1952 quam

42 1965 133 2011 acute
142 1951 262 2012 collecta
283 1952 424 2010 crimina?
448 1954 618 2022 Blesamius,
638 1953 739 2030 inquit,
756 1953 834 2030 (ejus

43 2033 121 2089 enim
138 2032 262 2104 nomine,
272 2032 374 2110 optimi
384 2032 517 2104 hominis,
532 2052 582 2091 uec
597 2032 647 2090 tibi
660 2029 758 2111 ignoti,
774 2053 836 2091 ma·

43 2111 189 2170 ledicebat
202 2110 267 2181 tibi)
283 2111 319 2168 ad
334 2130 428 2189 regem
443 2111 561 2171 seribere
572 2111 686 2183 solebat,
707 2126 736 2170 te
752 2113 780 2170 in
792 2110 835 2171 in·

12 2207 13 2210 ’
44 2191 122 2250 vidia
136 2191 207 2249 esse:
229 2191 575 2267 tyrannum-existimari:
600 2191 688 2249 statua
699 2191 836 2251 interre-

38 2289 88 2348 ges
99 2271 200 2349 pofita‚
210 2272 318 2328 animos
329 2270 479 2348 hominum
493 2272 675 2330 vehementer
687 2269 805 2328 offensos
821 2290 832 2331 a

12 2419 14 2422 v
43 2350 146 2428 plaudi
167 2348 217 2407 tibi
241 2336 551 2490 nonsotere.?vlnt011ne
569 2349 711 2427 intelligis,
726 2350 834 2424 Caesar,
854 2321 904 2435 l}
928 2405 930 2414 ,

42 2450 78 2489 ex
90 2430 208 2489 urbanis
228 2430 405 2490 malevoloru
447 2429 631 2489 sermunculis
653 2431 713 2488 'nac
726 2429 762 2487 ab
776 2429 834 2489 istis
929 2463 930 2466 =

43 2513 98 2570 esse
107 2508 250 2567 collesla?
274 2509 427 2570 Blesamius
439 2526 466 2588 ty
471 2529 592 2600 caunum
606 2508 747 2567 Caesarem
769 2508 833 2566 scri*

42 2589 149 2661 beret?
172 2588 331 2648 multorum
355 2592 432 2649 euim
453 2593 561 2648 civium
584 2590 677 2666 capita
706 2587 835 2648 viderat:

42 2663 241 2743 multosjudu
256 2669 373 2732 Caesaris
396 2683 529 2739 vexatos,
551 2669 722 2739 verberatos,
749 2686 835 2727 neca·

40 2762 105 2814 tos:
128 2748 236 2807 multas
250 2749 374 2818 afflislas,
395 2748 551 2808 et'eversas
574 2748 694 2807 domos:
715 2747 834 2806 armatis

40 2826 183 2890 militibus
195 2827 332 2887 refertum
354 2830 470 2889 forum:
492 2848 557 2907 quae
568 2827 677 2908 semper
701 2826 731 2885 id
756 2826 835 2886 civili

33 2901 161 2966 'visoria
175 2908 318 2979 icasmos,
332 2928 365 2967 ea
378 2904 520 2968 ‘tevillore
535 2928 592 2967 non
602 2907 737 2966 uidimus.
780 2907 835 2965 So·v
889 2901 921 2976 :Ji

40 2988 98 3059 lus,
114 2988 243 3065 inquam,
257 3008 285 3045 es
301 2988 336 3048 C.
349 2987 452 3061 Caesar,
473 2985 556 3059 eujus
578 2989 607 3045 in
634 2986 749 3064 visleria
761 2987 836 3044 ceci·

42 3068 118 3138 derit
130 3086 226 3136 nemo,
249 3068 296 3125 nisi
309 3084 446 3135 armatus.
489 3069 526 3128 Et
536 3086 624 3145 quem
635 3084 685 3125 nos
700 3064 789 3135 liberi,
805 3066 835 3123 in

41 3148 157 3218 summa
170 3144 271 3232 populi
284 3147 407 3210 Romani
424 3146 561 3287 {iberiam
574 3147 644 3226 nati,
667 3143 837 3218 uomodo
855 3225 858 3230 .

478 3247 494 3307 3
778 3240 841 3287 non
