1884 3559
166 150 680 250 tNN.AN⁷1-0Ntutr
786 181 850 248 ’re
932 171 933 220 ι

53 291 120 340 lum
137 282 175 340 est
190 285 220 341 id
232 303 334 362 negare
347 299 403 343 nott
418 286 503 364 polle,
518 284 596 362 quod
610 286 641 341 fit
656 281 847 361 turpiffimum
932 287 933 342 l

51 364 207 421 confiteri?
238 367 266 421 Si
289 377 316 423 te
339 366 548 444 muniepiottun
572 384 629 421 ΝοΝ
645 364 786 441 pudebat
808 380 846 420 ne
932 365 933 370 ’

51 445 183 508 veterani
195 445 313 520 quidem
324 446 486 503 exercitus?
512 444 584 518 Qus
598 444 672 500 euim
685 442 764 499 miles
780 442 852 512 fuir,
923 473 926 487 ι

50 522 104 596 qui
118 513 267 586 Brunditlii
281 524 357 580 illam
368 543 424 581 ΝοΝ
438 523 575 580 videteit?
599 526 671 599 quie,
682 541 730 598 qur
724 521 881 579 neseie··

49 602 89 657 rit
104 603 205 659 venille
217 620 280 659 earn
295 603 400 662 tibitot
421 603 621 662 rllerurn.vta1n
635 601 809 678 gratulatum
824 600 843 657 ,²

49 679 128 767 quia,
152 681 272 757 quinon
293 681 454 754 indoluerit,
479 696 535 737 tarn
550 680 610 738 sero
632 682 667 750 le,
692 700 777 758 quern
792 680 847 736 ho-

49 760 160 816 minem
185 762 260 818 secut
250 774 294 816 tus
315 763 390 833 ellit,
416 760 608 856 cognoscere?
640 761 728 818 ltaliae
748 773 847 818 rurlut

49 855 120 915 pere
106 859 165 896 ut.
158 840 225 897 'atio
238 841 335 898 eadent
358 840 463 899 comite
477 843 580 897 mimae
602 840 628 895 in
643 839 747 917 oppida
769 838 847 898 mili·

49 934 119 975 tum
142 920 263 976 crudelis
283 933 311 977 et
335 921 430 977 misera
454 920 565 976 ἀεοοὲὶ
546 923 611 977 Νοι.
627 920 654 975 ’Νι
678 919 748 977 urbe
768 916 845 989 auri,

47 998 171 1086 argenti,
187 1001 366 1076 maximeque
381 1001 471 1068 vini,l
460 1000 536 1056 foeda
551 999 679 1073 direptio.

96 1078 223 1147 necessu,
257 1097 298 1147 ut,
326 1078 475 1136 Caesare
469 1099 576 1154 ignaru,
610 1097 676 1135 curn
703 1076 750 1134 ille
774 1078 844 1135 ellet

49 1155 255 1244 Aleplandrim,
278 1159 412 1217 beneficio
439 1176 595 1215 amicorum
622 1156 683 1229 ejus
711 1155 844 1232 magistet*

48 1236 132 1311 equit
135 1254 183 1291 um
207 1236 430 1306 constitueretur,
471 1238 551 1294 Tum
566 1235 734 1294 existimavit
751 1237 777 1293 le
790 1234 850 1294 suo·

45 1312 115 1404 jure
138 1334 204 1373 cum
219 1317 363 1396 Hippia
340 1337 439 1385 vivere,
462 1331 490 1374 et
504 1335 591 1390 equos
606 1315 754 1390 veeligales
778 1317 842 1374 Ser

50 1396 101 1472 giu
125 1398 214 1452 mimo
237 1393 356 1453 tradere
391 1400 477 1453 Tum
495 1393 550 1451 libi
566 1413 622 1451 non
644 1394 725 1463 haue,
749 1407 840 1467 quam

50 1491 131 1531 nunc
155 1473 228 1531 male
251 1488 356 1545 tuetur,
380 1475 440 1540 sed
437 1477 486 1532 Μ.
512 1475 613 1532 Pisonis
637 1475 766 1543 domum,
791 1472 842 1530 ubi

49 1553 202 1623 habitaret,
218 1556 334 1628 legerat.
378 1553 457 1626 Qud
470 1575 524 1631 ego
538 1553 567 1610 ill
571 1557 612 1609 ius
627 1553 747 1622 decretu,
770 1551 853 1628 quid&

49 1633 173 1709 rapinas,
188 1634 257 1710 quid
270 1634 468 1691 heeredltatum
485 1632 653 1709 pustelliunet
669 1635 757 1702 datae,
769 1631 848 1708 qttid'

48 1725 161 1789 ereptas
183 1712 324 1789 proferant
338 1715 349 1771 ἓ
375 1711 506 1787 Cogebat
520 1712 642 1789 egellae:
663 1732 722 1790 quo
734 1713 768 1769 se‘
781 1729 843 1768 vern

21 1789 24 1794 ’
46 1803 123 1848 teret
147 1793 203 1849 ΝοΝ
226 1791 359 1850 habebnt.
399 1792 538 1851 Nondum
552 1792 577 1849 ei
597 1807 675 1850 raum
694 1790 758 1850 NL.
778 1791 842 1849 Ru·

48 1869 122 1935 brio,
147 1872 233 1928 n'on‘l
253 1871 286 1930 L
309 1861 439 1929 Turselio
452 1863 600 1930 liaererliras
616 1883 747 1929 venerate
768 1889 841 1928 ΝοΝ

49 1950 151 2008 dum
147 1969 174 2007 in
188 1951 244 2009 C'n.
265 1951 390 2029 Pompeii
405 1950 515 2018 locum,
538 1936 752 2026 multorumque
772 1938 853 2008 alio*

46 2039 126 2097 rum,
149 2030 198 2118 qui
221 2028 345 2098 aberant,
369 2031 531 2107 repentinus
555 2031 643 2088 ltaeree
666 2030 842 2090 suceellerat.

49 2110 122 2167 Erat
144 2110 168 2164 ei
183 2111 334 2166 vivendum
356 2111 497 2166 latronum
519 2110 585 2181 ritu,
609 2124 642 2168 ut
656 2123 768 2168 tantum
790 2109 849 2167 ha·-

45 2179 138 2256 beret,
161 2206 300 2265 quantum
316 2207 412 2264 rapere
433 2188 573 2266 potuiller.
603 2189 670 2247 Sed
685 2190 755 2260 haec,
775 2206 852 2265 quoz

47 2266 212 2326 tlobustioris
234 2268 510 2347 improbitariesunr,
526 2268 713 2327 omittamus.
741 2270 849 2346 loqua-⁴

50 2359 120 2404 mur
140 2345 233 2423 potius
257 2347 291 2404 de
305 2347 469 2422 nequifftrno
490 2366 591 2423 genere
614 2349 740 2406 levitatis.
788 2351 849 2406 Tu:

48 2423 106 2486 istis
128 2425 266 2498 lutterhus,
291 2426 346 2484 illis
369 2425 515 2497 lateribus,
538 2426 584 2483 ista
608 2426 771 2504 gladiatorie
797 2439 840 2485 to·

46 2505 104 2565 n'us
131 2507 256 2584 corporis
281 2507 424 2575 firmitate,
448 2521 559 2563 tantum
588 2507 642 2564 vini
669 2507 697 2564 iu
721 2507 850 2582 Hippiae·

47 2586 154 2663 nuptiis
167 2584 341 2656 exhauseras,
364 2585 458 2644 turibi
484 2587 587 2643 necelle
601 2589 667 2644 ellet
691 2587 718 2643 in
734 2586 848 2664 populis

49 2664 172 2724 Romani
186 2664 335 2739 conspeetu
355 2684 468 2722 vumere
483 2665 623 2742 postridie.
657 2666 685 2721 O
701 2685 760 2723 rem
780 2684 850 2723 nont

47 2743 137 2803 inodo
151 2742 207 2800 visu
224 2743 338 2814 fuedant,
352 2744 496 2802 sedetiam
512 2745 609 2801 auditu
620 2745 632 2801 l
656 2745 682 2801 Si
697 2746 769 2801 inter
781 2761 847 2801 cue*

48 2843 124 2894 narn,
150 2824 176 2878 in
203 2825 264 2898 ipsis
290 2827 344 2882 tuis
369 2826 537 2880 immanibus
563 2823 757 2900 illlspueulis,
781 2825 851 2883 hoe·-

46 2903 95 2960 tibi
111 2901 264 2973 accidiller,
279 2905 341 2979 'quis
356 2922 410 2960 uun
426 2920 509 2978 turpe
523 2902 659 2960 duceret?
696 2905 728 2960 ln
755 2917 836 2963 coetu

45 2980 112 3040 itero
128 2980 226 3057 populi
251 2984 369 3039 Ruuu'tui
385 2983 529 3058 negotium
554 2982 701 3059 publicum
725 3001 849 3058 gerens,.

46 3061 177 3138 magister
198 3066 339 3137 equitum,
364 3065 409 3119 cui
425 3063 533 3118 ruelare
556 3077 642 3138 turpe
652 3062 726 3130 ellel,
751 3062 846 3118 isto·—

45 3159 144 3213 meus,
157 3139 422 3209 frutlitel'eulentis,
444 3143 541 3200 uinum
557 3140 756 3208 redolentibus,
772 3158 847 3215 gre·-

739 3223 845 3279 mium..
921 3207 926 3218 ⁸
