<?xml version="1.0" encoding="UTF-8"?>
<!DOCTYPE html PUBLIC "-//W3C//DTD XHTML 1.0 Transitional//EN"
    "http://www.w3.org/TR/xhtml1/DTD/xhtml1-transitional.dtd">
<html xmlns="http://www.w3.org/1999/xhtml" xml:lang="en" lang="en">
 <head>
  <title>
</title>
<meta http-equiv="Content-Type" content="text/html;charset=utf-8" />
  <meta name='ocr-system' content='tesseract 3.04.00' />
  <meta name='ocr-capabilities' content='ocr_page ocr_carea ocr_par ocr_line ocrx_word'/>
</head>
<body>
  <div class='ocr_page' id='page_1' title='image "./orationumxiisel00olivgoog/orationumxiisel00olivgoog_0269.png"; bbox 0 0 1884 3559; ppageno 0'>
   <div class='ocr_carea' id='block_1_1' title="bbox 118 137 837 240">
    <p class='ocr_par' dir='ltr' id='par_1_1' title="bbox 118 137 837 240">
     <span class='ocr_line' id='line_1_1' title="bbox 118 137 837 240; baseline 0.013 -27"><span class='ocrx_word' id='word_1_1' title='bbox 118 152 215 214; x_wconf 77' lang='lat' dir='ltr'><strong>rito</strong></span> <span class='ocrx_word' id='word_1_2' title='bbox 255 153 394 216; x_wconf 75' lang='lat' dir='ltr'><strong>nucu</strong></span> <span class='ocrx_word' id='word_1_3' title='bbox 433 137 737 220; x_wconf 77' lang='lat' dir='ltr'><strong>nusornno.</strong></span> <span class='ocrx_word' id='word_1_4' title='bbox 776 178 837 240; x_wconf 62' lang='grc' dir='ltr'><strong>ιη</strong></span> 
     </span>
    </p>
   </div>
   <div class='ocr_carea' id='block_1_2' title="bbox 27 265 922 3129">
    <p class='ocr_par' dir='ltr' id='par_1_2' title="bbox 35 265 922 1362">
     <span class='ocr_line' id='line_1_2' title="bbox 39 265 835 351; baseline 0.011 -25"><span class='ocrx_word' id='word_1_5' title='bbox 39 265 151 345; x_wconf 80' lang='lat' dir='ltr'><strong>Qrid?</strong></span> <span class='ocrx_word' id='word_1_6' title='bbox 173 266 219 327; x_wconf 84' lang='lat' dir='ltr'><strong>ille</strong></span> <span class='ocrx_word' id='word_1_7' title='bbox 234 267 309 345; x_wconf 76' lang='lat' dir='ltr'><strong>signu</strong></span> <span class='ocrx_word' id='word_1_8' title='bbox 320 286 399 327; x_wconf 78' lang='lat' dir='ltr'><strong>aenea</strong></span> <span class='ocrx_word' id='word_1_9' title='bbox 418 267 447 329; x_wconf 90' lang='lat' dir='ltr'><strong>in</strong></span> <span class='ocrx_word' id='word_1_10' title='bbox 469 269 573 330; x_wconf 84' lang='lat' dir='ltr'><strong>insidiis</strong></span> <span class='ocrx_word' id='word_1_11' title='bbox 585 272 725 347; x_wconf 83' lang='lat' dir='ltr'><strong>poseurat,</strong></span> <span class='ocrx_word' id='word_1_12' title='bbox 740 275 835 351; x_wconf 68' lang='lat' dir='ltr'><strong>quaee</strong></span> 
     </span>
     <span class='ocr_line' id='line_1_3' title="bbox 42 345 836 429; baseline 0.009 -23"><span class='ocrx_word' id='word_1_13' title='bbox 42 346 145 406; x_wconf 83' lang='lat' dir='ltr'><strong>balneo</strong></span> <span class='ocrx_word' id='word_1_14' title='bbox 159 348 187 406; x_wconf 89' lang='lat' dir='ltr'><strong>iu</strong></span> <span class='ocrx_word' id='word_1_15' title='bbox 200 345 367 407; x_wconf 77' lang='lat' dir='ltr'><strong>cubiculum</strong></span> <span class='ocrx_word' id='word_1_16' title='bbox 382 349 527 408; x_wconf 84' lang='lat' dir='ltr'>transferri</span> <span class='ocrx_word' id='word_1_17' title='bbox 541 369 598 408; x_wconf 92' lang='lat' dir='ltr'><strong>non</strong></span> <span class='ocrx_word' id='word_1_18' title='bbox 617 353 750 429; x_wconf 62' lang='lat' dir='ltr'><strong>pollent?</strong></span> <span class='ocrx_word' id='word_1_19' title='bbox 773 356 836 413; x_wconf 88' lang='lat' dir='ltr'><strong>Ha·</strong></span> 
     </span>
     <span class='ocr_line' id='line_1_4' title="bbox 42 425 835 511; baseline 0.011 -26"><span class='ocrx_word' id='word_1_20' title='bbox 42 425 94 486; x_wconf 85' lang='lat' dir='ltr'><strong>bes</strong></span> <span class='ocrx_word' id='word_1_21' title='bbox 106 427 222 486; x_wconf 84' lang='lat' dir='ltr'><strong>crimina</strong></span> <span class='ocrx_word' id='word_1_22' title='bbox 231 426 413 486; x_wconf 64' lang='lat' dir='ltr'><strong>insidiarum:</strong></span> <span class='ocrx_word' id='word_1_23' title='bbox 431 428 502 487; x_wconf 80' lang='lat' dir='ltr'>nihil</span> <span class='ocrx_word' id='word_1_24' title='bbox 516 429 596 488; x_wconf 77' lang='lat' dir='ltr'><strong>enirn</strong></span> <span class='ocrx_word' id='word_1_25' title='bbox 612 431 684 490; x_wconf 83' lang='lat' dir='ltr'>dixit</span> <span class='ocrx_word' id='word_1_26' title='bbox 697 432 835 511; x_wconf 74' lang='lat' dir='ltr'><strong>amplius.</strong></span> 
     </span>
     <span class='ocr_line' id='line_1_5' title="bbox 42 505 922 585; baseline 0.009 -20"><span class='ocrx_word' id='word_1_27' title='bbox 42 506 169 578; x_wconf 83' lang='lat' dir='ltr'><strong>Horum,</strong></span> <span class='ocrx_word' id='word_1_28' title='bbox 193 505 389 585; x_wconf 79' lang='lat' dir='ltr'><strong>inquit,eram</strong></span> <span class='ocrx_word' id='word_1_29' title='bbox 411 508 551 568; x_wconf 75' lang='lat' dir='ltr'><strong>conscius.</strong></span> <span class='ocrx_word' id='word_1_30' title='bbox 583 510 663 585; x_wconf 81' lang='lat' dir='ltr'><strong>Qiid</strong></span> <span class='ocrx_word' id='word_1_31' title='bbox 682 515 769 574; x_wconf 75' lang='lat' dir='ltr'><strong>tum?</strong></span> <span class='ocrx_word' id='word_1_32' title='bbox 793 515 842 573; x_wconf 63' lang='grc' dir='ltr'><strong>ἰω</strong></span> <span class='ocrx_word' id='word_1_33' title='bbox 919 507 922 521; x_wconf 83' lang='grc'><em>“</em></span> 
     </span>
     <span class='ocr_line' id='line_1_6' title="bbox 39 584 836 665; baseline 0.005 -20"><span class='ocrx_word' id='word_1_34' title='bbox 39 585 162 646; x_wconf 76' lang='lat' dir='ltr'><strong>demens</strong></span> <span class='ocrx_word' id='word_1_35' title='bbox 174 584 221 644; x_wconf 87' lang='lat' dir='ltr'><strong>ille</strong></span> <span class='ocrx_word' id='word_1_36' title='bbox 241 599 314 652; x_wconf 81' lang='lat' dir='ltr'><strong>erat,</strong></span> <span class='ocrx_word' id='word_1_37' title='bbox 340 598 374 645; x_wconf 91' lang='lat' dir='ltr'><strong>ut</strong></span> <span class='ocrx_word' id='word_1_38' title='bbox 388 605 468 658; x_wconf 83' lang='lat' dir='ltr'><strong>eum,</strong></span> <span class='ocrx_word' id='word_1_39' title='bbox 484 605 572 665; x_wconf 84' lang='lat' dir='ltr'><strong>quem</strong></span> <span class='ocrx_word' id='word_1_40' title='bbox 595 589 738 662; x_wconf 75' lang='lat' dir='ltr'><strong>conscium</strong></span> <span class='ocrx_word' id='word_1_41' title='bbox 762 592 836 655; x_wconf 85' lang='lat' dir='ltr'><strong>tanti</strong></span> 
     </span>
     <span class='ocr_line' id='line_1_7' title="bbox 42 661 836 740; baseline 0.009 -15"><span class='ocrx_word' id='word_1_42' title='bbox 42 661 152 725; x_wconf 83' lang='lat' dir='ltr'><strong>sceleris</strong></span> <span class='ocrx_word' id='word_1_43' title='bbox 170 663 306 737; x_wconf 81' lang='lat' dir='ltr'><strong>habebat,</strong></span> <span class='ocrx_word' id='word_1_44' title='bbox 336 661 353 727; x_wconf 67' lang='lat' dir='ltr'><strong>l</strong></span> <span class='ocrx_word' id='word_1_45' title='bbox 375 662 406 723; x_wconf 84' lang='lat' dir='ltr'><strong>se</strong></span> <span class='ocrx_word' id='word_1_46' title='bbox 415 666 583 740; x_wconf 77' lang='lat' dir='ltr'><strong>dimitteret,</strong></span> <span class='ocrx_word' id='word_1_47' title='bbox 607 669 731 729; x_wconf 84' lang='lat' dir='ltr'><strong>Romam</strong></span> <span class='ocrx_word' id='word_1_48' title='bbox 745 672 836 733; x_wconf 84' lang='lat' dir='ltr'><strong>etiam</strong></span> 
     </span>
     <span class='ocr_line' id='line_1_8' title="bbox 36 742 832 830; baseline 0.008 -25"><span class='ocrx_word' id='word_1_49' title='bbox 36 745 178 816; x_wconf 85' lang='lat' dir='ltr'><strong>mitteret,</strong></span> <span class='ocrx_word' id='word_1_50' title='bbox 194 744 245 803; x_wconf 88' lang='lat' dir='ltr'><strong>ubi</strong></span> <span class='ocrx_word' id='word_1_51' title='bbox 260 755 293 802; x_wconf 81' lang='lat' dir='ltr'><strong>ct</strong></span> <span class='ocrx_word' id='word_1_52' title='bbox 306 742 521 805; x_wconf 85' lang='lat' dir='ltr'><strong>inimiciffimum</strong></span> <span class='ocrx_word' id='word_1_53' title='bbox 536 746 616 807; x_wconf 89' lang='lat' dir='ltr'><strong>sciret</strong></span> <span class='ocrx_word' id='word_1_54' title='bbox 627 745 685 809; x_wconf 77' lang='lat' dir='ltr'><strong>etse</strong></span> <span class='ocrx_word' id='word_1_55' title='bbox 694 764 832 830; x_wconf 77' lang='lat' dir='ltr'><strong>prepotens</strong></span> 
     </span>
     <span class='ocr_line' id='line_1_9' title="bbox 37 819 840 910; baseline 0.005 -25"><span class='ocrx_word' id='word_1_56' title='bbox 37 819 135 895; x_wconf 75' lang='lat' dir='ltr'><strong>suum,</strong></span> <span class='ocrx_word' id='word_1_57' title='bbox 149 834 179 883; x_wconf 81' lang='lat' dir='ltr'><strong>el</strong></span> <span class='ocrx_word' id='word_1_58' title='bbox 192 824 228 884; x_wconf 86' lang='lat' dir='ltr'><strong>C.</strong></span> <span class='ocrx_word' id='word_1_59' title='bbox 243 821 394 884; x_wconf 69' lang='lat' dir='ltr'><strong>cesarem.</strong></span> <span class='ocrx_word' id='word_1_60' title='bbox 417 826 465 885; x_wconf 74' lang='lat' dir='ltr'><strong>eui</strong></span> <span class='ocrx_word' id='word_1_61' title='bbox 480 825 585 884; x_wconf 83' lang='lat' dir='ltr'><strong>fecisset</strong></span> <span class='ocrx_word' id='word_1_62' title='bbox 598 827 730 894; x_wconf 77' lang='lat' dir='ltr'><strong>insidias?</strong></span> <span class='ocrx_word' id='word_1_63' title='bbox 760 827 840 910; x_wconf 32' lang='lat' dir='ltr'><strong>pra-¹</strong></span> 
     </span>
     <span class='ocr_line' id='line_1_10' title="bbox 38 901 833 984; baseline 0.008 -21"><span class='ocrx_word' id='word_1_64' title='bbox 38 901 136 964; x_wconf 81' lang='lat' dir='ltr'><strong>sertim</strong></span> <span class='ocrx_word' id='word_1_65' title='bbox 150 918 217 961; x_wconf 82' lang='lat' dir='ltr'><strong>cuin</strong></span> <span class='ocrx_word' id='word_1_66' title='bbox 230 901 255 961; x_wconf 80' lang='lat' dir='ltr'><strong>ir</strong></span> <span class='ocrx_word' id='word_1_67' title='bbox 269 921 343 961; x_wconf 86' lang='lat' dir='ltr'><strong>unus</strong></span> <span class='ocrx_word' id='word_1_68' title='bbox 354 903 491 982; x_wconf 52' lang='lat' dir='ltr'><strong>effetpqui</strong></span> <span class='ocrx_word' id='word_1_69' title='bbox 514 905 602 984; x_wconf 80' lang='lat' dir='ltr'><strong>postet</strong></span> <span class='ocrx_word' id='word_1_70' title='bbox 616 908 652 966; x_wconf 89' lang='lat' dir='ltr'><strong>de</strong></span> <span class='ocrx_word' id='word_1_71' title='bbox 676 903 833 972; x_wconf 70' lang='lat' dir='ltr'><strong>assensere</strong></span> 
     </span>
     <span class='ocr_line' id='line_1_11' title="bbox 36 981 832 1066; baseline 0.008 -23"><span class='ocrx_word' id='word_1_72' title='bbox 36 981 208 1044; x_wconf 79' lang='lat' dir='ltr'><strong>vindicare?</strong></span> <span class='ocrx_word' id='word_1_73' title='bbox 235 982 272 1041; x_wconf 88' lang='lat' dir='ltr'><strong>Et</strong></span> <span class='ocrx_word' id='word_1_74' title='bbox 292 982 392 1040; x_wconf 78' lang='lat' dir='ltr'><strong>fratres</strong></span> <span class='ocrx_word' id='word_1_75' title='bbox 417 1005 506 1055; x_wconf 80' lang='lat' dir='ltr'><strong>meos,</strong></span> <span class='ocrx_word' id='word_1_76' title='bbox 522 985 624 1061; x_wconf 87' lang='lat' dir='ltr'><strong>inquit,</strong></span> <span class='ocrx_word' id='word_1_77' title='bbox 647 988 731 1066; x_wconf 76' lang='lat' dir='ltr'><strong>quod¹</strong></span> <span class='ocrx_word' id='word_1_78' title='bbox 747 1004 832 1050; x_wconf 51' lang='lat' dir='ltr'><strong>¹erant</strong></span> 
     </span>
     <span class='ocr_line' id='line_1_12' title="bbox 38 1060 833 1144; baseline 0.006 -22"><span class='ocrx_word' id='word_1_79' title='bbox 38 1060 153 1129; x_wconf 84' lang='lat' dir='ltr'><strong>conscii,</strong></span> <span class='ocrx_word' id='word_1_80' title='bbox 177 1061 205 1121; x_wconf 86' lang='lat' dir='ltr'><strong>in</strong></span> <span class='ocrx_word' id='word_1_81' title='bbox 219 1060 332 1119; x_wconf 83' lang='lat' dir='ltr'><strong>vincula</strong></span> <span class='ocrx_word' id='word_1_82' title='bbox 341 1060 476 1136; x_wconf 83' lang='lat' dir='ltr'><strong>conjecit.</strong></span> <span class='ocrx_word' id='word_1_83' title='bbox 517 1063 595 1122; x_wconf 85' lang='lat' dir='ltr'><strong>Cnrn</strong></span> <span class='ocrx_word' id='word_1_84' title='bbox 611 1066 697 1144; x_wconf 86' lang='lat' dir='ltr'><strong>igitur</strong></span> <span class='ocrx_word' id='word_1_85' title='bbox 707 1087 758 1126; x_wconf 84' lang='lat' dir='ltr'><strong>eos</strong></span> <span class='ocrx_word' id='word_1_86' title='bbox 772 1071 833 1127; x_wconf 82' lang='lat' dir='ltr'><strong>vin·</strong></span> 
     </span>
     <span class='ocr_line' id='line_1_13' title="bbox 35 1139 831 1220; baseline 0.006 -18"><span class='ocrx_word' id='word_1_87' title='bbox 35 1145 121 1220; x_wconf 75' lang='lat' dir='ltr'><strong>ciret,</strong></span> <span class='ocrx_word' id='word_1_88' title='bbox 144 1160 219 1219; x_wconf 83' lang='lat' dir='ltr'><strong>quos</strong></span> <span class='ocrx_word' id='word_1_89' title='bbox 231 1139 326 1199; x_wconf 86' lang='lat' dir='ltr'><strong>secum</strong></span> <span class='ocrx_word' id='word_1_90' title='bbox 341 1141 483 1214; x_wconf 69' lang='lat' dir='ltr'><strong>habebat3</strong></span> <span class='ocrx_word' id='word_1_91' title='bbox 512 1158 541 1201; x_wconf 86' lang='lat' dir='ltr'><strong>te</strong></span> <span class='ocrx_word' id='word_1_92' title='bbox 552 1144 679 1206; x_wconf 84' lang='lat' dir='ltr'><strong>solutum</strong></span> <span class='ocrx_word' id='word_1_93' title='bbox 702 1148 831 1208; x_wconf 83' lang='lat' dir='ltr'><strong>Romam</strong></span> 
     </span>
     <span class='ocr_line' id='line_1_14' title="bbox 37 1217 829 1300; baseline 0.008 -19"><span class='ocrx_word' id='word_1_94' title='bbox 37 1217 183 1293; x_wconf 87' lang='lat' dir='ltr'><strong>mittebat,</strong></span> <span class='ocrx_word' id='word_1_95' title='bbox 208 1222 259 1299; x_wconf 85' lang='lat' dir='ltr'><strong>qui</strong></span> <span class='ocrx_word' id='word_1_96' title='bbox 274 1219 374 1282; x_wconf 80' lang='lat' dir='ltr'><strong>eadem</strong></span> <span class='ocrx_word' id='word_1_97' title='bbox 399 1220 491 1296; x_wconf 82' lang='lat' dir='ltr'><strong>scires,</strong></span> <span class='ocrx_word' id='word_1_98' title='bbox 517 1243 583 1300; x_wconf 84' lang='lat' dir='ltr'><strong>quae</strong></span> <span class='ocrx_word' id='word_1_99' title='bbox 607 1225 669 1285; x_wconf 84' lang='lat' dir='ltr'><strong>illos</strong></span> <span class='ocrx_word' id='word_1_100' title='bbox 691 1226 759 1286; x_wconf 87' lang='lat' dir='ltr'><strong>scire</strong></span> <span class='ocrx_word' id='word_1_101' title='bbox 785 1227 829 1287; x_wconf 89' lang='lat' dir='ltr'><strong>di·</strong></span> 
     </span>
     <span class='ocr_line' id='line_1_15' title="bbox 37 1302 105 1362; baseline -0.015 0"><span class='ocrx_word' id='word_1_102' title='bbox 37 1302 105 1362; x_wconf 78' lang='lat' dir='ltr'><strong>cio?</strong></span> 
     </span>
    </p>

    <p class='ocr_par' dir='ltr' id='par_1_3' title="bbox 77 1379 832 1461">
     <span class='ocr_line' id='line_1_16' title="bbox 77 1379 832 1461; baseline 0.008 -20"><span class='ocrx_word' id='word_1_103' title='bbox 77 1382 280 1461; x_wconf 78' lang='lat' dir='ltr'><strong>Reliquaparr</strong></span> <span class='ocrx_word' id='word_1_104' title='bbox 293 1379 476 1441; x_wconf 83' lang='lat' dir='ltr'><strong>accusationis</strong></span> <span class='ocrx_word' id='word_1_105' title='bbox 497 1380 605 1460; x_wconf 80' lang='lat' dir='ltr'><strong>duplex</strong></span> <span class='ocrx_word' id='word_1_106' title='bbox 619 1383 691 1445; x_wconf 82' lang='lat' dir='ltr'><strong>fuit:</strong></span> <span class='ocrx_word' id='word_1_107' title='bbox 706 1405 773 1457; x_wconf 85' lang='lat' dir='ltr'><strong>una,</strong></span> <span class='ocrx_word' id='word_1_108' title='bbox 786 1407 832 1447; x_wconf 83' lang='lat' dir='ltr'><strong>re·</strong></span> 
     </span>
    </p>

    <p class='ocr_par' dir='ltr' id='par_1_4' title="bbox 27 1459 885 3129">
     <span class='ocr_line' id='line_1_17' title="bbox 76 1459 832 1540; baseline 0.008 -20"><span class='ocrx_word' id='word_1_109' title='bbox 76 1482 106 1520; x_wconf 91' lang='lat' dir='ltr'><strong>m</strong></span> <span class='ocrx_word' id='word_1_110' title='bbox 120 1461 231 1540; x_wconf 81' lang='lat' dir='ltr'>semper</span> <span class='ocrx_word' id='word_1_111' title='bbox 244 1464 271 1520; x_wconf 89' lang='lat' dir='ltr'><strong>in</strong></span> <span class='ocrx_word' id='word_1_112' title='bbox 285 1460 404 1539; x_wconf 81' lang='lat' dir='ltr'><strong>speculis</strong></span> <span class='ocrx_word' id='word_1_113' title='bbox 420 1459 509 1531; x_wconf 77' lang='lat' dir='ltr'><strong>fuisse,</strong></span> <span class='ocrx_word' id='word_1_114' title='bbox 524 1482 591 1520; x_wconf 89' lang='lat' dir='ltr'><strong>cum</strong></span> <span class='ocrx_word' id='word_1_115' title='bbox 606 1462 622 1520; x_wconf 69' lang='lat' dir='ltr'><strong>l</strong></span> <span class='ocrx_word' id='word_1_116' title='bbox 641 1477 669 1521; x_wconf 88' lang='lat' dir='ltr'><strong>te</strong></span> <span class='ocrx_word' id='word_1_117' title='bbox 682 1466 778 1524; x_wconf 86' lang='lat' dir='ltr'><strong>animo</strong></span> <span class='ocrx_word' id='word_1_118' title='bbox 790 1467 832 1527; x_wconf 79' lang='lat' dir='ltr'><strong>es·</strong></span> 
     </span>
     <span class='ocr_line' id='line_1_18' title="bbox 48 1540 832 1624; baseline 0.006 -25"><span class='ocrx_word' id='word_1_119' title='bbox 48 1553 79 1599; x_wconf 90' lang='lat' dir='ltr'><strong>et</strong></span> <span class='ocrx_word' id='word_1_120' title='bbox 92 1542 202 1600; x_wconf 84' lang='lat' dir='ltr'><strong>alieno:</strong></span> <span class='ocrx_word' id='word_1_121' title='bbox 231 1541 320 1599; x_wconf 82' lang='lat' dir='ltr'><strong>altera</strong></span> <span class='ocrx_word' id='word_1_122' title='bbox 343 1540 498 1600; x_wconf 84' lang='lat' dir='ltr'><strong>exercitum</strong></span> <span class='ocrx_word' id='word_1_123' title='bbox 513 1561 580 1600; x_wconf 87' lang='lat' dir='ltr'><strong>eum</strong></span> <span class='ocrx_word' id='word_1_124' title='bbox 596 1557 695 1600; x_wconf 83' lang='lat' dir='ltr'><strong>contra</strong></span> <span class='ocrx_word' id='word_1_125' title='bbox 708 1556 736 1602; x_wconf 87' lang='lat' dir='ltr'><strong>te</strong></span> <span class='ocrx_word' id='word_1_126' title='bbox 750 1566 832 1624; x_wconf 80' lang='lat' dir='ltr'><strong>mag·</strong></span> 
     </span>
     <span class='ocr_line' id='line_1_19' title="bbox 33 1620 831 1699; baseline 0.006 -20"><span class='ocrx_word' id='word_1_127' title='bbox 33 1640 109 1680; x_wconf 89' lang='lat' dir='ltr'><strong>num</strong></span> <span class='ocrx_word' id='word_1_128' title='bbox 119 1622 305 1699; x_wconf 77' lang='lat' dir='ltr'><strong>comparasse.</strong></span> <span class='ocrx_word' id='word_1_129' title='bbox 348 1622 393 1680; x_wconf 90' lang='lat' dir='ltr'><strong>De</strong></span> <span class='ocrx_word' id='word_1_130' title='bbox 407 1621 535 1678; x_wconf 83' lang='lat' dir='ltr'><strong>exercitu</strong></span> <span class='ocrx_word' id='word_1_131' title='bbox 546 1620 641 1682; x_wconf 86' lang='lat' dir='ltr'><strong>dicam</strong></span> <span class='ocrx_word' id='word_1_132' title='bbox 654 1622 783 1696; x_wconf 86' lang='lat' dir='ltr'><strong>breviter,</strong></span> <span class='ocrx_word' id='word_1_133' title='bbox 796 1641 831 1686; x_wconf 89' lang='lat' dir='ltr'><strong>ut</strong></span> 
     </span>
     <span class='ocr_line' id='line_1_20' title="bbox 32 1701 827 1777; baseline 0.01 -21"><span class='ocrx_word' id='word_1_134' title='bbox 32 1712 151 1759; x_wconf 81' lang='lat' dir='ltr'><strong>caetera.</strong></span> <span class='ocrx_word' id='word_1_135' title='bbox 191 1701 351 1777; x_wconf 81' lang='lat' dir='ltr'><strong>Nunquam</strong></span> <span class='ocrx_word' id='word_1_136' title='bbox 374 1718 420 1758; x_wconf 82' lang='lat' dir='ltr'><strong>eas</strong></span> <span class='ocrx_word' id='word_1_137' title='bbox 433 1703 530 1777; x_wconf 84' lang='lat' dir='ltr'><strong>copias</strong></span> <span class='ocrx_word' id='word_1_138' title='bbox 545 1720 595 1759; x_wconf 83' lang='lat' dir='ltr'><strong>rex</strong></span> <span class='ocrx_word' id='word_1_139' title='bbox 610 1702 760 1763; x_wconf 79' lang='lat' dir='ltr'><strong>Deiotarus</strong></span> <span class='ocrx_word' id='word_1_140' title='bbox 775 1706 827 1764; x_wconf 80' lang='lat' dir='ltr'><strong>ha·</strong></span> 
     </span>
     <span class='ocr_line' id='line_1_21' title="bbox 32 1778 830 1859; baseline 0.005 -21"><span class='ocrx_word' id='word_1_141' title='bbox 32 1778 111 1852; x_wconf 73' lang='lat' dir='ltr'><strong>buit,</strong></span> <span class='ocrx_word' id='word_1_142' title='bbox 126 1779 231 1858; x_wconf 84' lang='lat' dir='ltr'><strong>quibus</strong></span> <span class='ocrx_word' id='word_1_143' title='bbox 244 1778 347 1838; x_wconf 86' lang='lat' dir='ltr'><strong>inferre</strong></span> <span class='ocrx_word' id='word_1_144' title='bbox 366 1778 474 1838; x_wconf 88' lang='lat' dir='ltr'><strong>bellum</strong></span> <span class='ocrx_word' id='word_1_145' title='bbox 489 1779 598 1858; x_wconf 89' lang='lat' dir='ltr'><strong>populo</strong></span> <span class='ocrx_word' id='word_1_146' title='bbox 619 1780 753 1840; x_wconf 80' lang='lat' dir='ltr'><strong>Romano</strong></span> <span class='ocrx_word' id='word_1_147' title='bbox 768 1784 830 1859; x_wconf 88' lang='lat' dir='ltr'><strong>pos-</strong></span> 
     </span>
     <span class='ocr_line' id='line_1_22' title="bbox 30 1859 830 1937; baseline 0.005 -20"><span class='ocrx_word' id='word_1_148' title='bbox 30 1859 98 1932; x_wconf 59' lang='lat' dir='ltr'><strong>sets</strong></span> <span class='ocrx_word' id='word_1_149' title='bbox 117 1859 164 1917; x_wconf 91' lang='lat' dir='ltr'><strong>sed</strong></span> <span class='ocrx_word' id='word_1_150' title='bbox 174 1860 276 1937; x_wconf 76' lang='lat' dir='ltr'><strong>quibus</strong></span> <span class='ocrx_word' id='word_1_151' title='bbox 288 1859 358 1917; x_wconf 84' lang='lat' dir='ltr'><strong>sines</strong></span> <span class='ocrx_word' id='word_1_152' title='bbox 369 1859 433 1920; x_wconf 81' lang='lat' dir='ltr'><strong>suos</strong></span> <span class='ocrx_word' id='word_1_153' title='bbox 447 1859 490 1917; x_wconf 73' lang='lat' dir='ltr'><strong>ab</strong></span> <span class='ocrx_word' id='word_1_154' title='bbox 503 1859 714 1919; x_wconf 79' lang='lat' dir='ltr'><strong>excursionibus</strong></span> <span class='ocrx_word' id='word_1_155' title='bbox 740 1862 830 1921; x_wconf 83' lang='lat' dir='ltr'><strong>hosti·</strong></span> 
     </span>
     <span class='ocr_line' id='line_1_23' title="bbox 32 1939 829 2017; baseline 0.008 -22"><span class='ocrx_word' id='word_1_156' title='bbox 32 1957 87 1998; x_wconf 83' lang='lat' dir='ltr'><strong>um</strong></span> <span class='ocrx_word' id='word_1_157' title='bbox 98 1952 130 1997; x_wconf 90' lang='lat' dir='ltr'><strong>et</strong></span> <span class='ocrx_word' id='word_1_158' title='bbox 143 1939 298 2012; x_wconf 79' lang='lat' dir='ltr'><strong>latrociniis</strong></span> <span class='ocrx_word' id='word_1_159' title='bbox 307 1950 447 2007; x_wconf 84' lang='lat' dir='ltr'><strong>tueretur,</strong></span> <span class='ocrx_word' id='word_1_160' title='bbox 476 1953 505 1997; x_wconf 89' lang='lat' dir='ltr'><strong>et</strong></span> <span class='ocrx_word' id='word_1_161' title='bbox 526 1939 746 2017; x_wconf 80' lang='lat' dir='ltr'><strong>imperatoribus</strong></span> <span class='ocrx_word' id='word_1_162' title='bbox 767 1941 829 2001; x_wconf 88' lang='lat' dir='ltr'><strong>nus·</strong></span> 
     </span>
     <span class='ocr_line' id='line_1_24' title="bbox 31 1994 879 2110; baseline 0.007 -34"><span class='ocrx_word' id='word_1_163' title='bbox 31 2018 85 2076; x_wconf 80' lang='lat' dir='ltr'><strong>titis</strong></span> <span class='ocrx_word' id='word_1_164' title='bbox 98 2018 204 2096; x_wconf 82' lang='lat' dir='ltr'><strong>auxilia</strong></span> <span class='ocrx_word' id='word_1_165' title='bbox 217 2006 492 2097; x_wconf 74' lang='lat' dir='ltr'><strong>mitteret.)(Atque</strong></span> <span class='ocrx_word' id='word_1_166' title='bbox 506 2033 587 2077; x_wconf 84' lang='lat' dir='ltr'><strong>antea</strong></span> <span class='ocrx_word' id='word_1_167' title='bbox 607 2018 725 2102; x_wconf 70' lang='lat' dir='ltr'><strong>quidem</strong></span> <span class='ocrx_word' id='word_1_168' title='bbox 736 1994 879 2110; x_wconf 58' lang='lat' dir='ltr'><strong>majo-9</strong></span> 
     </span>
     <span class='ocr_line' id='line_1_25' title="bbox 31 2091 885 2177; baseline 0.007 -22"><span class='ocrx_word' id='word_1_169' title='bbox 31 2116 78 2155; x_wconf 84' lang='lat' dir='ltr'><strong>res</strong></span> <span class='ocrx_word' id='word_1_170' title='bbox 87 2097 186 2177; x_wconf 86' lang='lat' dir='ltr'><strong>copias</strong></span> <span class='ocrx_word' id='word_1_171' title='bbox 199 2096 275 2155; x_wconf 81' lang='lat' dir='ltr'><strong>alere</strong></span> <span class='ocrx_word' id='word_1_172' title='bbox 296 2109 427 2174; x_wconf 84' lang='lat' dir='ltr'><strong>poterat:</strong></span> <span class='ocrx_word' id='word_1_173' title='bbox 452 2118 529 2157; x_wconf 87' lang='lat' dir='ltr'><strong>nuuc</strong></span> <span class='ocrx_word' id='word_1_174' title='bbox 542 2098 669 2175; x_wconf 71' lang='lat' dir='ltr'><strong>exiguas(</strong></span> <span class='ocrx_word' id='word_1_175' title='bbox 679 2101 728 2158; x_wconf 83' lang='lat' dir='ltr'><strong>vix</strong></span> <span class='ocrx_word' id='word_1_176' title='bbox 751 2103 826 2161; x_wconf 79' lang='lat' dir='ltr'><strong>tueri</strong></span> <span class='ocrx_word' id='word_1_177' title='bbox 847 2091 885 2142; x_wconf 62' lang='lat'><strong>“0⁸</strong></span> 
     </span>
     <span class='ocr_line' id='line_1_26' title="bbox 30 2175 828 2268; baseline 0.009 -35"><span class='ocrx_word' id='word_1_178' title='bbox 30 2175 139 2254; x_wconf 84' lang='lat' dir='ltr'><strong>potest.</strong></span> <span class='ocrx_word' id='word_1_179' title='bbox 181 2178 222 2234; x_wconf 91' lang='lat' dir='ltr'><strong>At</strong></span> <span class='ocrx_word' id='word_1_180' title='bbox 246 2177 319 2235; x_wconf 80' lang='lat' dir='ltr'><strong>mist</strong></span> <span class='ocrx_word' id='word_1_181' title='bbox 334 2177 371 2234; x_wconf 85' lang='lat' dir='ltr'><strong>ad</strong></span> <span class='ocrx_word' id='word_1_182' title='bbox 393 2176 518 2235; x_wconf 79' lang='lat' dir='ltr'><strong>Caelium</strong></span> <span class='ocrx_word' id='word_1_183' title='bbox 541 2179 751 2268; x_wconf 70' lang='lat' dir='ltr'><strong>nescioquems</strong></span> <span class='ocrx_word' id='word_1_184' title='bbox 778 2180 828 2240; x_wconf 85' lang='lat' dir='ltr'><strong>sed</strong></span> 
     </span>
     <span class='ocr_line' id='line_1_27' title="bbox 29 2255 827 2333; baseline 0.006 -19"><span class='ocrx_word' id='word_1_185' title='bbox 29 2275 92 2327; x_wconf 86' lang='lat' dir='ltr'><strong>eos,</strong></span> <span class='ocrx_word' id='word_1_186' title='bbox 110 2275 185 2333; x_wconf 86' lang='lat' dir='ltr'><strong>quos</strong></span> <span class='ocrx_word' id='word_1_187' title='bbox 199 2255 283 2327; x_wconf 76' lang='lat' dir='ltr'><strong>misit,</strong></span> <span class='ocrx_word' id='word_1_188' title='bbox 303 2257 382 2333; x_wconf 88' lang='lat' dir='ltr'><strong>quod</strong></span> <span class='ocrx_word' id='word_1_189' title='bbox 406 2256 446 2315; x_wconf 86' lang='lat' dir='ltr'><strong>ire</strong></span> <span class='ocrx_word' id='word_1_190' title='bbox 467 2257 631 2328; x_wconf 83' lang='lat' dir='ltr'><strong>noluerunt,</strong></span> <span class='ocrx_word' id='word_1_191' title='bbox 657 2276 686 2315; x_wconf 88' lang='lat' dir='ltr'><strong>iu</strong></span> <span class='ocrx_word' id='word_1_192' title='bbox 713 2255 827 2320; x_wconf 80' lang='lat' dir='ltr'><strong>vincula</strong></span> 
     </span>
     <span class='ocr_line' id='line_1_28' title="bbox 28 2332 841 2414; baseline 0.009 -21"><span class='ocrx_word' id='word_1_193' title='bbox 28 2332 171 2409; x_wconf 81' lang='lat' dir='ltr'><strong>conjecit.</strong></span> <span class='ocrx_word' id='word_1_194' title='bbox 212 2335 279 2394; x_wconf 92' lang='lat' dir='ltr'><strong>Non</strong></span> <span class='ocrx_word' id='word_1_195' title='bbox 299 2354 399 2412; x_wconf 78' lang='lat' dir='ltr'><strong>quaero</strong></span> <span class='ocrx_word' id='word_1_196' title='bbox 424 2356 512 2414; x_wconf 85' lang='lat' dir='ltr'><strong>quarn</strong></span> <span class='ocrx_word' id='word_1_197' title='bbox 536 2336 682 2395; x_wconf 82' lang='lat' dir='ltr'><strong>verisimile</strong></span> <span class='ocrx_word' id='word_1_198' title='bbox 707 2337 750 2402; x_wconf 82' lang='lat' dir='ltr'><strong>stt,</strong></span> <span class='ocrx_word' id='word_1_199' title='bbox 773 2341 841 2400; x_wconf 72' lang='lat' dir='ltr'><strong>aut‘</strong></span> 
     </span>
     <span class='ocr_line' id='line_1_29' title="bbox 28 2413 825 2495; baseline 0.009 -23"><span class='ocrx_word' id='word_1_200' title='bbox 28 2432 90 2473; x_wconf 88' lang='lat' dir='ltr'><strong>non</strong></span> <span class='ocrx_word' id='word_1_201' title='bbox 105 2413 235 2472; x_wconf 83' lang='lat' dir='ltr'><strong>habuisse</strong></span> <span class='ocrx_word' id='word_1_202' title='bbox 249 2434 357 2491; x_wconf 84' lang='lat' dir='ltr'><strong>regem,</strong></span> <span class='ocrx_word' id='word_1_203' title='bbox 369 2434 442 2493; x_wconf 89' lang='lat' dir='ltr'><strong>quos</strong></span> <span class='ocrx_word' id='word_1_204' title='bbox 456 2415 601 2476; x_wconf 82' lang='lat' dir='ltr'><strong>mitteret:</strong></span> <span class='ocrx_word' id='word_1_205' title='bbox 618 2428 668 2473; x_wconf 89' lang='lat' dir='ltr'><strong>aut</strong></span> <span class='ocrx_word' id='word_1_206' title='bbox 678 2434 736 2487; x_wconf 80' lang='lat' dir='ltr'><strong>eos,</strong></span> <span class='ocrx_word' id='word_1_207' title='bbox 750 2437 825 2495; x_wconf 81' lang='lat' dir='ltr'><strong>quos</strong></span> 
     </span>
     <span class='ocr_line' id='line_1_30' title="bbox 32 2494 828 2576; baseline 0.008 -25"><span class='ocrx_word' id='word_1_208' title='bbox 32 2495 162 2565; x_wconf 76' lang='lat' dir='ltr'><strong>misffet,</strong></span> <span class='ocrx_word' id='word_1_209' title='bbox 176 2512 233 2551; x_wconf 88' lang='lat' dir='ltr'><strong>non</strong></span> <span class='ocrx_word' id='word_1_210' title='bbox 268 2494 386 2553; x_wconf 78' lang='lat' dir='ltr'><strong>aruisse:</strong></span> <span class='ocrx_word' id='word_1_211' title='bbox 409 2507 473 2567; x_wconf 83' lang='lat' dir='ltr'><strong>aut,</strong></span> <span class='ocrx_word' id='word_1_212' title='bbox 486 2495 536 2571; x_wconf 87' lang='lat' dir='ltr'><strong>qui</strong></span> <span class='ocrx_word' id='word_1_213' title='bbox 547 2494 782 2576; x_wconf 28' lang='lat' dir='ltr'><strong>disto-audientes</strong></span> <span class='ocrx_word' id='word_1_214' title='bbox 796 2498 828 2558; x_wconf 86' lang='lat' dir='ltr'><strong>iu</strong></span> 
     </span>
     <span class='ocr_line' id='line_1_31' title="bbox 31 2513 826 2652; baseline 0.006 -21"><span class='ocrx_word' id='word_1_215' title='bbox 31 2585 115 2631; x_wconf 80' lang='lat' dir='ltr'><strong>tanta</strong></span> <span class='ocrx_word' id='word_1_216' title='bbox 127 2593 159 2631; x_wconf 87' lang='lat' dir='ltr'><strong>re</strong></span> <span class='ocrx_word' id='word_1_217' title='bbox 172 2591 229 2630; x_wconf 89' lang='lat' dir='ltr'><strong>non</strong></span> <span class='ocrx_word' id='word_1_218' title='bbox 241 2513 424 2645; x_wconf 60' lang='lat' dir='ltr'><strong>lirinensem</strong></span> <span class='ocrx_word' id='word_1_219' title='bbox 437 2575 545 2633; x_wconf 72' lang='lat' dir='ltr'><strong>vinslos</strong></span> <span class='ocrx_word' id='word_1_220' title='bbox 580 2573 666 2644; x_wconf 86' lang='lat' dir='ltr'><strong>otius,</strong></span> <span class='ocrx_word' id='word_1_221' title='bbox 678 2594 765 2652; x_wconf 91' lang='lat' dir='ltr'><strong>quam</strong></span> <span class='ocrx_word' id='word_1_222' title='bbox 778 2596 826 2636; x_wconf 90' lang='lat' dir='ltr'><strong>ue·</strong></span> 
     </span>
     <span class='ocr_line' id='line_1_32' title="bbox 29 2651 825 2732; baseline 0.008 -22"><span class='ocrx_word' id='word_1_223' title='bbox 29 2665 112 2710; x_wconf 84' lang='lat' dir='ltr'><strong>catos</strong></span> <span class='ocrx_word' id='word_1_224' title='bbox 135 2652 227 2711; x_wconf 72' lang='lat' dir='ltr'><strong>suisse-</strong></span> <span class='ocrx_word' id='word_1_225' title='bbox 269 2651 325 2711; x_wconf 92' lang='lat' dir='ltr'><strong>Sed</strong></span> <span class='ocrx_word' id='word_1_226' title='bbox 339 2667 435 2711; x_wconf 89' lang='lat' dir='ltr'><strong>tamen</strong></span> <span class='ocrx_word' id='word_1_227' title='bbox 448 2671 545 2712; x_wconf 89' lang='lat' dir='ltr'><strong>cuma</strong></span> <span class='ocrx_word' id='word_1_228' title='bbox 581 2653 704 2732; x_wconf 67' lang='lat' dir='ltr'><strong>Caelium</strong></span> <span class='ocrx_word' id='word_1_229' title='bbox 728 2656 825 2716; x_wconf 84' lang='lat' dir='ltr'><strong>mitre·</strong></span> 
     </span>
     <span class='ocr_line' id='line_1_33' title="bbox 29 2730 823 2806; baseline 0.008 -17"><span class='ocrx_word' id='word_1_230' title='bbox 29 2730 91 2804; x_wconf 88' lang='lat' dir='ltr'><strong>bat,</strong></span> <span class='ocrx_word' id='word_1_231' title='bbox 111 2743 213 2790; x_wconf 90' lang='lat' dir='ltr'><strong>utrum</strong></span> <span class='ocrx_word' id='word_1_232' title='bbox 228 2732 341 2790; x_wconf 85' lang='lat' dir='ltr'><strong>causam</strong></span> <span class='ocrx_word' id='word_1_233' title='bbox 355 2732 433 2791; x_wconf 83' lang='lat' dir='ltr'><strong>illam</strong></span> <span class='ocrx_word' id='word_1_234' title='bbox 444 2733 548 2792; x_wconf 76' lang='lat' dir='ltr'><strong>rislam</strong></span> <span class='ocrx_word' id='word_1_235' title='bbox 557 2734 611 2806; x_wconf 84' lang='lat' dir='ltr'><strong>esse</strong></span> <span class='ocrx_word' id='word_1_236' title='bbox 625 2730 772 2806; x_wconf 70' lang='lat' dir='ltr'><strong>nesciebat,</strong></span> <span class='ocrx_word' id='word_1_237' title='bbox 785 2755 823 2795; x_wconf 90' lang='lat' dir='ltr'><strong>an</strong></span> 
     </span>
     <span class='ocr_line' id='line_1_34' title="bbox 27 2809 822 2890; baseline 0.003 -18"><span class='ocrx_word' id='word_1_238' title='bbox 27 2811 163 2872; x_wconf 86' lang='lat' dir='ltr'><strong>Caelium</strong></span> <span class='ocrx_word' id='word_1_239' title='bbox 175 2809 256 2868; x_wconf 85' lang='lat' dir='ltr'><strong>illum</strong></span> <span class='ocrx_word' id='word_1_240' title='bbox 269 2829 406 2888; x_wconf 81' lang='lat' dir='ltr'><strong>magnum</strong></span> <span class='ocrx_word' id='word_1_241' title='bbox 415 2809 561 2871; x_wconf 85' lang='lat' dir='ltr'><strong>bominem</strong></span> <span class='ocrx_word' id='word_1_242' title='bbox 572 2811 715 2889; x_wconf 79' lang='lat' dir='ltr'><strong>putabat?</strong></span> <span class='ocrx_word' id='word_1_243' title='bbox 732 2834 822 2890; x_wconf 88' lang='lat' dir='ltr'><strong>quern</strong></span> 
     </span>
     <span class='ocr_line' id='line_1_35' title="bbox 28 2887 822 2969; baseline 0.005 -21"><span class='ocrx_word' id='word_1_244' title='bbox 28 2890 167 2968; x_wconf 60' lang='lat' dir='ltr'><strong>profesio</strong></span> <span class='ocrx_word' id='word_1_245' title='bbox 186 2887 219 2962; x_wconf 81' lang='lat' dir='ltr'><strong>is,</strong></span> <span class='ocrx_word' id='word_1_246' title='bbox 230 2888 280 2969; x_wconf 89' lang='lat' dir='ltr'><strong>qui</strong></span> <span class='ocrx_word' id='word_1_247' title='bbox 293 2893 401 2968; x_wconf 80' lang='lat' dir='ltr'><strong>optime</strong></span> <span class='ocrx_word' id='word_1_248' title='bbox 411 2890 518 2950; x_wconf 87' lang='lat' dir='ltr'><strong>nostros</strong></span> <span class='ocrx_word' id='word_1_249' title='bbox 532 2891 662 2951; x_wconf 83' lang='lat' dir='ltr'><strong>homines</strong></span> <span class='ocrx_word' id='word_1_250' title='bbox 676 2892 764 2968; x_wconf 73' lang='lat' dir='ltr'><strong>novit,</strong></span> <span class='ocrx_word' id='word_1_251' title='bbox 775 2892 822 2952; x_wconf 82' lang='lat' dir='ltr'><strong>vel</strong></span> 
     </span>
     <span class='ocr_line' id='line_1_36' title="bbox 49 2969 825 3048; baseline 0.005 -20"><span class='ocrx_word' id='word_1_252' title='bbox 49 2970 99 3028; x_wconf 87' lang='lat' dir='ltr'><strong>uia</strong></span> <span class='ocrx_word' id='word_1_253' title='bbox 115 2970 216 3040; x_wconf 82' lang='lat' dir='ltr'><strong>nosset,</strong></span> <span class='ocrx_word' id='word_1_254' title='bbox 227 2969 271 3028; x_wconf 87' lang='lat' dir='ltr'><strong>vel</strong></span> <span class='ocrx_word' id='word_1_255' title='bbox 284 2970 421 3048; x_wconf 85' lang='lat' dir='ltr'><strong>quianon</strong></span> <span class='ocrx_word' id='word_1_256' title='bbox 433 2972 532 3042; x_wconf 84' lang='lat' dir='ltr'><strong>nosset,</strong></span> <span class='ocrx_word' id='word_1_257' title='bbox 545 2982 750 3031; x_wconf 85' lang='lat' dir='ltr'><strong>contemneret.</strong></span> <span class='ocrx_word' id='word_1_258' title='bbox 760 2972 825 3032; x_wconf 79' lang='lat' dir='ltr'><strong>Ad·</strong></span> 
     </span>
     <span class='ocr_line' id='line_1_37' title="bbox 59 3048 828 3129; baseline 0.004 -22"><span class='ocrx_word' id='word_1_259' title='bbox 59 3049 104 3107; x_wconf 87' lang='lat' dir='ltr'><strong>dit</strong></span> <span class='ocrx_word' id='word_1_260' title='bbox 113 3048 203 3108; x_wconf 76' lang='lat' dir='ltr'><strong>esiam</strong></span> <span class='ocrx_word' id='word_1_261' title='bbox 216 3048 296 3122; x_wconf 86' lang='lat' dir='ltr'><strong>illud,</strong></span> <span class='ocrx_word' id='word_1_262' title='bbox 310 3050 419 3127; x_wconf 86' lang='lat' dir='ltr'><strong>equites</strong></span> <span class='ocrx_word' id='word_1_263' title='bbox 429 3070 487 3109; x_wconf 89' lang='lat' dir='ltr'><strong>uon</strong></span> <span class='ocrx_word' id='word_1_264' title='bbox 497 3052 621 3129; x_wconf 83' lang='lat' dir='ltr'><strong>optimos</strong></span> <span class='ocrx_word' id='word_1_265' title='bbox 634 3051 743 3110; x_wconf 87' lang='lat' dir='ltr'><strong>mifisse.</strong></span> <span class='ocrx_word' id='word_1_266' title='bbox 762 3049 828 3110; x_wconf 80' lang='lat' dir='ltr'><strong>Vc·&#39;</strong></span> 
     </span>
    </p>
   </div>
   <div class='ocr_carea' id='block_1_3' title="bbox 25 3126 823 3274">
    <p class='ocr_par' dir='ltr' id='par_1_5' title="bbox 25 3126 823 3274">
     <span class='ocr_line' id='line_1_38' title="bbox 25 3126 823 3274; baseline 0.026 -103"><span class='ocrx_word' id='word_1_267' title='bbox 25 3138 118 3206; x_wconf 56' lang='lat' dir='ltr'><strong>peres,</strong></span> <span class='ocrx_word' id='word_1_268' title='bbox 133 3126 232 3211; x_wconf 79' lang='lat' dir='ltr'><strong>credo,</strong></span> <span class='ocrx_word' id='word_1_269' title='bbox 255 3127 365 3196; x_wconf 74' lang='lat' dir='ltr'><strong>Caesars</strong></span> <span class='ocrx_word' id='word_1_270' title='bbox 387 3129 460 3274; x_wconf 45' lang='lat' dir='ltr'><strong>{phil</strong></span> <span class='ocrx_word' id='word_1_271' title='bbox 480 3128 614 3226; x_wconf 75' lang='lat' dir='ltr'><strong>adtuum</strong></span> <span class='ocrx_word' id='word_1_272' title='bbox 636 3130 823 3273; x_wconf 50' lang='lat' dir='ltr'><strong>“¹⁰⁸³le</strong></span> 
     </span>
    </p>
   </div>
   <div class='ocr_carea' id='block_1_4' title="bbox 0 0 946 3559">
    <p class='ocr_par' dir='ltr' id='par_1_6' title="bbox 0 0 946 3559">
     <span class='ocr_line' id='line_1_39' title="bbox 0 0 946 3559; baseline 0 2"><span class='ocrx_word' id='word_1_273' title='bbox 0 0 946 3559; x_wconf 95' lang='lat' dir='ltr'><strong> </strong></span> 
     </span>
    </p>
   </div>
  </div>
 </body>
</html>
