1884 3559
155 1 189 39 ,Γ

122 216 283 276 Prior.
307 215 485 277 arturo
510 214 732 277 arraona,
771 234 829 300 r77
924 182 925 189 ‘

48 327 152 382 moenia
168 323 237 384 flare
249 347 284 385 eo
299 329 362 387 vivo
386 326 508 394 tamdiu,
530 324 742 385 etconlulaturn
764 322 826 398 ejus

46 406 193 479 capellare
209 410 369 481 potuillent,
388 410 433 467 ille
443 410 564 484 denique
575 408 653 463 virus
665 405 730 461 mali
756 397 828 460 nillil

47 479 158 554 fecillet,
169 487 219 559 qui
233 501 374 557 mortuns,
395 508 452 546 uno
466 507 500 543 ex
516 489 569 544 luis
581 484 743 557 satellitibus
759 483 824 539 Sex.

47 559 151 620 Clodio
166 564 247 634 duce,
274 568 381 624 curiam
397 567 572 624 incenderit?
595 568 663 638 Qro
684 561 752 639 quid
773 562 825 617 rni-

44 636 138 711 scrins,
160 642 229 718 quid
253 646 388 716 acerbius,
409 646 478 722 qnid
500 643 652 702 ludlnolrus
675 639 824 698 vidimus?

45 719 204 797 Templum
218 721 377 794 fandtitatin
396 724 598 803 amplitudinis,
623 722 732 788 inentis,
756 738 825 776 con·

44 796 92 856 filii
107 796 221 874 publici,
236 818 323 880 caput
334 802 421 874 urbis,
442 823 519 861 aram
534 802 682 867 sociorum,
705 811 821 877 portum

20 892 23 899 ’
43 879 172 935 omniurn
186 883 324 955 gentium,
345 883 436 941 l'edern
448 883 485 940 ab
503 878 629 938 universo
639 878 746 956 populo
765 877 825 934 Ro·

43 974 128 1013 mano
141 961 294 1018 concessam
307 960 354 1019 uni
374 962 475 1031 ordini,
491 958 669 1027 inflammari,
689 955 823 1023 exscindi,

42 1033 202 1094 funestari?
218 1059 309 1117 neque
321 1041 347 1098 id
360 1041 423 1098 fier'r
441 1041 457 1099 a
478 1039 660 1097 multitudine
681 1036 824 1111 imperita,

42 1134 207 1190 quanquam
226 1123 293 1177 ell‘et
306 1119 436 1177 miserum
450 1120 480 1176 id
506 1120 605 1195 ipsum,
620 1115 666 1173 sed
684 1115 720 1171 ab
743 1133 825 1172 nno:

39 1196 86 1268 qui
101 1213 169 1252 curn
180 1209 291 1256 tanturn
307 1197 387 1257 ausus
403 1200 434 1255 fit
448 1199 525 1257 ultor
536 1218 586 1274 pro
601 1211 725 1258 mortno,
751 1193 825 1269 quid

40 1271 153 1349 {ignifer
164 1294 217 1353 pro
230 1278 292 1335 vivo
306 1297 362 1336 non
380 1278 446 1336 ellet
458 1278 565 1339 aulus?
594 1278 626 1334 ln
640 1275 747 1331 curiam
771 1292 822 1351 po-

38 1353 172 1411 tiffimum
180 1353 292 1429 abjecit,
303 1373 335 1415 ut
343 1377 405 1415 cani
416 1372 546 1416 mortuus
555 1354 722 1420 incenderet,
732 1370 822 1428 quana

28 1433 119 1489 'vivus
133 1449 281 1494 everterat.
322 1440 359 1495 Et
371 1440 433 1495 lunt
446 1440 494 1514 qui
521 1438 556 1493 de
579 1436 621 1492 via
637 1434 729 1509 Appia
742 1451 821 1507 quae·

40 1526 149 1581 rantur,
176 1528 286 1573 taceant
299 1515 453 1574 decuria?
482 1517 570 1591 etqui
585 1515 621 1570 ab
643 1532 678 1569 eo
700 1509 822 1588 spirante

40 1587 136 1648 forum
152 1607 252 1666 putent
265 1595 383 1670 potuille
397 1595 518 1661 defendi,
542 1592 623 1666 cujus
638 1609 696 1653 non
718 1588 824 1647 restite-2

39 1668 72 1724 rit
87 1668 216 1726 cadaveri
229 1674 332 1733 curia?
357 1674 494 1738 Excitate,
507 1673 626 1730 excitate
636 1689 712 1740 ernn,
737 1669 755 1724 li
770 1686 821 1745 pn·

39 1745 124 1815 tellis,
140 1748 176 1804 ab
186 1748 289 1808 inieris.
332 1752 475 1829 Frangetis
491 1749 710 1827 ,irnpetunrviti
736 1747 819 1817 cujus
884 1761 900 1801 a.

38 1824 84 1882 vix
99 1823 238 1901 sustinetit
251 1829 338 1887 furiat
348 1830 499 1905 insepulti?
522 1832 571 1887 nisr
586 1823 820 1895 verpl'ullinuillit

16 1908 20 1917 '
37 1919 94 1974 eor,
110 1905 239 1985 quicum
254 1906 360 1966 facibus
375 1908 410 1967 ad
421 1912 527 1967 curiam
541 1916 735 1973 cucurrerunt,
749 1922 817 1960 curn

37 1977 157 2040 falcibus
168 1984 204 2040 ad
218 1984 350 2054 Castoris,
372 2005 438 2045 cum
453 1988 552 2066 gladiis
566 2000 628 2043 toro
646 1984 709 2042 foro
722 1982 821 2039 volita·

35 2075 114 2119 runt.
156 2062 236 2122 Caedi
250 2065 350 2123 vidislic
365 2067 506 2144 populum
529 2067 703 2132 Romanurn,
726 2060 821 2119 conci·

18 2156 123 2197 'onem
145 2140 246 2217 gladiis
267 2143 425 2218 disturbari,
446 2165 514 2205 cum
537 2143 694 2203 audiretur
712 2140 823 2198 blentio

37 2218 80 2278 M.
96 2219 221 2280 Coelius.
235 2222 364 2283 tribunus
374 2223 476 2359 plebia,
504 2225 546 2282 vir
570 2237 599 2282 et
622 2225 651 2280 in
674 2218 819 2298 republica

36 2296 211 2369 fortiffimus,
234 2315 263 2358 et
286 2302 314 2360 in
342 2298 465 2382 incepta
485 2301 566 2361 causa
588 2300 767 2366 firmillrmua,
788 2312 821 2357 et

36 2371 179 2443 bonorum
191 2379 339 2449 voluntati,
354 2395 382 2438 et
403 2380 679 2440 auftonratilenatns
694 2377 818 2451 deditus,

35 2465 62 2511 ct
77 2458 107 2513 in
122 2456 175 2513 hac
191 2457 306 2516 Milonis
327 2460 380 2518 live
394 2460 506 2532 invidia,
520 2461 574 2518 live
589 2460 704 2518 fortuna
725 2458 819 2535 lingu-

35 2530 93 2600 lari,
117 2535 213 2592 divina
224 2553 252 2594 et
267 2537 421 2595 incredibili
433 2541 498 2598 fide.

27 2602 133 2699 ffbed
141 2613 201 2687 jam
216 2615 277 2672 satis
288 2617 378 2675 inulta
393 2619 427 2676 de
441 2618 522 2679 cansa
536 2641 543 2677 ε
555 2631 634 2676 extra
643 2615 753 2674 caulam
764 2606 819 2673 'eti-
832 2569 912 2691 54

16 2698 17 2701 ’
36 2707 81 2747 arn
95 2693 179 2751 nimis
192 2693 302 2752 fortalle
318 2696 416 2754 inulta.
458 2698 538 2773 Quid
551 2696 641 2767 restat,
667 2696 716 2752 nist
732 2708 765 2752 ut
786 2713 819 2754 ο·

35 2787 106 2839 rem,
135 2771 312 2848 obtesterque
325 2795 384 2846 vos,
401 2775 520 2850 judices,
546 2792 649 2834 ntearn
665 2773 818 2832 misericor*

34 2847 108 2906 diam
124 2850 254 2909 tribuatis
268 2852 411 2912 fortiffinro
426 2858 494 2922 viro,
520 2875 606 2934 quarn
624 2855 680 2929 ipse
694 2873 749 2910 non
765 2854 817 2909 im·

33 2927 144 3003 plorat:
170 2950 225 3009 ego
236 2934 329 2997 etiarn,
350 2948 524 3012 repugnante
548 2936 613 3004 noc,
627 2946 656 2991 ct
682 2932 816 3009 imploro,

33 3023 59 3063 et
74 3008 220 3085 exposco?
242 3011 348 3073 Nolite.
360 3013 377 3069 fi
390 3016 417 3070 in
428 3017 520 3072 nostro
530 3015 656 3071 omniurn
668 3013 736 3069 fletu
751 3009 816 3069 nnl-

32 3083 88 3145 lam
100 3087 257 3170 lactynrarn
270 3088 430 3171 adspexillis
440 3094 556 3153 Milonis
569 3115 577 3152 ι
592 3093 610 3150 fi
621 3092 732 3149 vultum
747 3092 815 3146 lem·

762 3183 850 3247 rat·
