1884 3559
94 192 135 269 {8
184 260 190 269 ,
350 190 400 257 4Ο
418 190 446 249 R
465 191 495 248 A
515 191 544 249 T
564 191 579 251 I
599 191 629 251 0
663 200 667 206 '

91 307 174 373 einue
187 304 223 377 ael
235 323 285 365 vos
299 305 427 367 delatum
445 306 487 377 lit,
512 303 622 363 videtis.
663 302 741 363 Huic
765 303 784 362 li
810 321 888 382 pau·

94 405 144 450 eus
158 386 265 465 putatis
279 387 374 447 affines
388 388 454 456 erte,
473 385 654 443 vehementer
678 383 785 442 erratis.
830 385 888 442 La·

96 465 156 531 tius
170 465 305 544 opinione
320 465 527 533 ‹liffeminatum
543 452 582 522 est
597 464 652 521 hoc
674 461 803 521 malum:
827 482 890 521 ma·

94 546 172 602 navit
186 563 243 602 non
256 544 348 602 solum
360 564 411 622 per
434 543 556 613 Italiam,
582 561 682 613 rerum
696 540 889 601 etiam'trans·

97 624 192 687 cendit
216 623 317 701 Alpes,
349 638 378 687 et
400 624 517 683 obscure
542 622 661 701 serpent,
694 618 800 680 multas
824 617 887 695 jam

95 704 254 782 provincias
277 705 439 781 occupavit.
485 703 519 762 Id
541 702 663 779 opprimi
692 698 886 783 sustentando„

96 802 130 842 ae
144 782 323 859 prolatando,
343 782 423 841 nullu
446 782 531 860 patio
557 780 658 859 potest.
695 781 884 860 ,Qractmque

93 865 205 927 ratione
219 861 320 939 placet,
333 862 461 920 celeriter
470 861 549 919 vobis
562 857 761 917 vindicandum
772 857 823 920 eli.

15 908 64 1029 Λ
105 939 233 1011 &Video
255 943 326 1001 duas
350 942 444 1000 adhue
467 943 521 1000 elle
544 940 711 998 sententiare
736 957 824 996 unam
843 938 887 999 Ι).

38 1033 54 1099 J
95 1020 192 1095 Silani,
226 1021 275 1099 qui
300 1019 401 1090 censet,
424 1040 484 1091 eos,
511 1020 561 1097 qui
579 1014 641 1079 lraec
664 1016 757 1076 delere
785 1018 884 1075 conati

37 1101 39 1104 ’
94 1100 170 1172 sunt,
198 1115 290 1159 morte
303 1102 356 1159 elie
369 1100 532 1158 multandos
548 1123 554 1158 :
580 1098 696 1155 alteram
708 1097 745 1154 C.
760 1096 891 1170 Caesaris,

61 1226 71 1252 .,
82 1180 150 1257 =qui
165 1183 263 1241 mortis
287 1200 400 1258 poenam
416 1193 551 1253 remnret,
574 1190 741 1236 ceterorum
756 1174 889 1254 supplici·

97 1278 182 1323 orum
209 1279 307 1318 onmes
329 1258 493 1317 acerbitates
520 1257 712 1334 ampledtitur·
751 1255 886 1332 Uterque

96 1352 126 1396 et
140 1357 191 1411 pro
204 1335 251 1395 fua
279 1339 423 1415 dignitate,
452 1350 482 1395 et
496 1356 548 1414 pro
562 1355 656 1394 rerum
684 1334 886 1410 magnitudine

8 1416 11 1427 ’
95 1416 246 1476 insumma
259 1418 402 1476 severitate
416 1416 550 1485 versatur.
591 1413 673 1472 Alter
685 1434 749 1484 eos,
768 1414 816 1491 qui
830 1432 885 1473 noe
935 1434 936 1471 3

96 1514 205 1567 omnes,
233 1496 284 1572 qui
295 1496 434 1575 populum
458 1497 623 1554 Romanum
636 1494 701 1551 vitae
715 1494 824 1571 privare
837 1511 887 1552 co·
935 1508 936 1545 3

96 1576 157 1637 nati
171 1575 243 1647 sunt,
264 1574 313 1654 qui
333 1575 427 1634 delere
449 1574 610 1652 imperium,
629 1571 679 1650 qui
703 1571 803 1651 populi
826 1571 901 1630 Rom
935 1612 936 1643 3

96 1655 290 1727 maninomen
303 1655 480 1731 extinguere,
507 1652 646 1731 puneium
666 1653 804 1729 temporie
827 1649 887 1710 frui
935 1646 936 1735 i

96 1736 166 1804 vita,
180 1747 208 1801 et
222 1734 277 1792 hoe
287 1734 436 1807 communi>
445 1732 554 1811 spiritu,
564 1750 621 1791 non
638 1742 721 1808 putat
733 1742 890 1808 oporteret

95 1825 184 1892 atque
203 1814 258 1875 hoc
272 1832 360 1891 genus
375 1832 459 1891 poene
471 1811 543 1890 saepe
557 1811 584 1869 in
599 1809 744 1887 improbos
757 1806 885 1875 tiberin

7 1952 9 1955 ,
97 1895 152 1959 hac
165 1892 308 1970 republica
321 1893 375 1950 elle
388 1890 556 1968 usurpatum
583 1889 757 1949 recordatur.
798 1887 888 1948 Alter
905 1916 921 1969 s

92 1972 238 2050 intelligit,
253 1986 374 2031 mortem
398 1971 414 2029 tl
435 1971 498 2031 Diis
524 1967 733 2047 immortalibus
761 1986 818 2026 non
832 1967 889 2027 elle

24 2048 28 2067 ”
96 2051 225 2131 supplicii
237 2052 321 2111 causa
330 2051 532 2109 constitutam:
560 2048 606 2107 sed
632 2061 682 2107 aut
696 2046 886 2106 necessitatem

96 2146 216 2203 nature,
232 2145 283 2191 ant
296 2131 425 2189 laborum
439 2150 472 2187 ae
493 2122 665 2187 miseriarum
679 2129 805 2203 quietem
819 2128 889 2189 elle.

95 2211 198 2289 ltaque
211 2229 274 2288 eam
298 2210 433 2289 sapientes
453 2227 602 2286 nunquam
624 2207 711 2278 inviti,
732 2204 818 2267 fortes
832 2206 889 2266 eti·

96 2309 144 2349 am
157 2290 229 2368 saepe
242 2289 362 2348 libenter
374 2290 583 2367 oppetiverunt.
623 2284 747 2344 Vincula
759 2304 839 2349 veto,
852 2296 886 2344 et

96 2389 130 2428 ea
144 2368 322 2447 sempiterna,
345 2381 420 2426 certe
433 2368 470 2427 ad
494 2367 661 2443 [iugularem
676 2383 790 2443 poenam
805 2363 889 2423 nela-

94 2449 132 2509 rii
146 2448 252 2507 sceleris
277 2450 387 2506 inventa
407 2447 482 2505 lunt·
524 2450 626 2523 ltaque
648 2442 808 2522 municipiis
831 2442 889 2503 dis·
928 2446 931 2453 '

96 2526 293 2607 pertirijubet.
335 2526 450 2587 Habere
476 2525 589 2583 videtur
608 2524 655 2581 illa
683 2543 726 2582 ree
754 2524 890 2600 iniquita·

51 2628 53 2631 ·
95 2619 167 2672 tem,
193 2607 364 2685 stimperare
379 2604 468 2664 velis:
491 2603 698 2671 difficultatem,
727 2601 745 2659 st
770 2620 886 2678 regare.
934 2618 935 2677 g

96 2687 277 2746 Decernatur
291 2700 395 2757 tamen,
422 2686 441 2742 st
461 2683 563 2762 placet.
608 2684 668 2760 Ego
683 2682 758 2740 enim
772 2680 888 2758 suscipi·
934 2684 935 2689 ’

97 2780 204 2836 amet,
226 2762 362 2842 urspero‚'
382 2766 530 2841 reperiam,
551 2762 600 2840 qui
623 2761 661 2833 id,
685 2759 764 2838 quod
787 2760 887 2820 salutii
934 2754 935 2763 ¹

95 2847 227 2906 omniurn
239 2844 323 2902 causa
342 2843 477 2913 statueris,
504 2863 560 2901 non
579 2852 661 2920 putat
674 2836 740 2900 'elle
754 2839 809 2899 suae
823 2836 887 2916 drg-

95 2926 192 2983 nitatis
207 2924 343 2984 recusare.
387 2922 526 3001 Adiungit
550 2914 665 3000 giavem
691 2938 805 2998 poenam
821 2938 889 2976 mu·

95 3005 244 3081 tricipibuu
268 3003 363 3081 fiqnts
377 3021 477 3060 eorum
503 2999 614 3061 vincula
637 3000 769 3078 ruperit:
793 2997 886 3056 horri-

96 3066 167 3145 biles
185 3082 324 3146 custodias
345 3082 515 3156 circumdat,
541 3092 571 3153 et
582 3079 667 3158 digna
677 3076 778 3139 scelere
790 3075 885 3136 homi·

104 3213 108 3223 .
812 3174 886 3216 num
