1884 3559
69 210 156 250 *222
348 189 607 250 ORATIO

97 326 158 388 non
172 318 334 386 tyrannum,
354 309 401 369 sed
423 313 508 368 etiam
529 306 774 369 clementissimum
788 309 818 369 in
832 310 884 368 vie·

99 389 174 446 toria
184 388 332 448 ducimus:
359 389 380 448 is
405 389 552 460 Blesamio,
577 390 626 467 qui
647 390 716 446 vivit
738 390 767 446 in
789 410 883 468 regno,

97 478 236 543 tyrannus
250 468 336 526 videri
351 469 464 546 potest?
488 471 565 529 Nam
580 471 616 527 de
631 466 720 526 statua
731 472 796 546 quis
810 490 884 547 qua·-

97 546 181 616 ritur,
200 567 257 606 uua
271 547 435 626 praesertim,
462 568 529 607 cum
556 561 615 606 tam
631 548 737 605 multas
757 548 882 609 uideat?

98 623 193 684 Valde
203 628 279 685 enim
294 627 477 687 invidendum
487 627 525 685 esi
539 626 600 702 ejus
614 627 718 697 statuis,
733 625 820 701 cujus
831 643 885 687 tro·

97 706 166 783 paeis
185 725 240 763 non
255 705 416 766 invidimus.
457 709 544 778 Nam,
559 707 578 763 si
596 706 674 765 locus
695 706 776 764 affert
788 708 883 766 invidi·

98 802 157 854 am,
172 785 267 845 nuilus
276 783 355 843 iocus
369 786 408 845 esi
418 786 455 845 ad
463 786 583 844 statuam
594 787 710 863 quidem
726 785 821 844 rostris
831 787 884 846 cla·

98 864 166 922 rior.
208 866 253 924 Dc
268 864 366 942 plausu
392 881 488 925 autem
509 864 579 943 quid
603 865 814 943 respondeam?
837 867 884 945 qui

96 961 151 1001 nec
162 944 333 1003 desderatus
349 964 476 1024 unquam
490 945 507 1004 i
522 961 549 1003 te
559 943 607 1014 esi,
622 959 651 1002 et
665 964 882 1025 nonnunquam,

95 1021 295 1102 obstupesastis
315 1024 489 1096 hominibus,
512 1023 570 1103 ipsa
596 1025 783 1082 admiratione
809 1046 885 1086 com·

96 1104 204 1178 prestus
218 1102 276 1161 eii:
299 1117 328 1162 et
339 1103 450 1166 sortasse
463 1123 499 1163 co
513 1105 721 1181 pt‘aetermissus,
734 1106 804 1181 quia
818 1106 885 1166 nihii

97 1180 215 1257 vulgare
228 1194 257 1240 te
268 1183 387 1261 dignum
402 1184 491 1242 videri
505 1196 533 1241 te
546 1183 647 1263 potest.

116 1272 119 1277 '
137 1261 247 1319 Nihili
263 1283 308 1321 me
331 1263 452 1321 arbitror
467 1264 693 1342 praetermissum,
718 1260 766 1321 sed
780 1263 886 1342 aliquid

94 1340 133 1398 ad
142 1339 298 1400 extremam
311 1342 401 1401 causae
416 1355 525 1421 partem
546 1342 727 1402 reservatum.
770 1343 806 1400 Id
836 1363 885 1404 au·

93 1433 154 1477 tem
170 1421 277 1498 aliquid
290 1420 339 1493 est,
353 1433 382 1479 te
396 1435 429 1479 ut
449 1422 533 1500 piane
557 1423 694 1481 Deiotaro
722 1422 883 1481 reconciliet

96 1502 188 1558 oratio
203 1520 275 1592 mea.
297 1503 365 1561 Non
378 1503 453 1558 enim
464 1500 524 1576 jam
540 1518 647 1572 metuo,
675 1515 758 1559 netu
773 1502 813 1559 isli
828 1502 885 1562 suc·

94 1580 206 1637 censeas
221 1602 228 1638 ε
244 1580 314 1639 illud
327 1600 434 1649 vereor,
446 1600 481 1637 ne
502 1581 550 1637 tibi
567 1581 648 1638 illum
663 1580 825 1638 succensere
839 1582 886 1639 aii·
925 1593 926 1598 ’

95 1659 167 1735 quid
186 1655 332 1736 suspicere.
372 1659 461 1737 Qiod
476 1659 551 1717 abest
564 1660 725 1738 lougiffime,
741 1660 814 1718 mihi
827 1680 886 1721 cre·

95 1738 141 1814 tic,
153 1738 257 1798 Caesar.
329 1739 377 1798 uid
390 1740 464 1797 euim
481 1740 597 1797 retineat
611 1759 662 1817 per
674 1754 712 1811 te,
740 1740 884 1810 meminit,

94 1837 152 1876 non
167 1818 235 1898 quid
246 1820 389 1877 amiserit:
410 1838 501 1896 neque
520 1817 548 1877 se
567 1818 627 1879 ite
640 1818 797 1877 multatum
814 1822 886 1878 arbi·

93 1909 204 1956 tratur:
220 1897 276 1969 sed,
289 1917 355 1957 curn
371 1897 542 1956 existimaret
554 1898 649 1955 multis
659 1898 708 1955 tibi
719 1898 814 1955 multa
829 1902 882 1958 esse

93 1975 255 2047 tribuenda,
269 1979 432 2055 quominus
447 1976 509 2050 ise,
535 1980 585 2054 qui
600 1977 627 2036 in
642 1976 728 2035 astera
743 1991 827 2055 parte
841 1978 883 2038 su·

30 2054 162 2170 sffiisen
172 2076 205 2114 ea
225 2056 359 2126 sumeres,
385 2076 442 2114 non
457 2042 634 2124 recusavit]
644 2057 755 2115 Etenim
771 2058 885 2116 fiAnti·

93 2135 184 2193 ochus
198 2155 317 2213 magnus
332 2135 387 2207 isle,
414 2136 477 2194 Rex
498 2137 582 2209 As1ae‚
598 2156 674 2209 eum,
695 2134 882 2214 posteaquam

92 2213 109 2273 ἒι
130 2215 260 2293 Scipione
286 2214 421 2286 densius,
437 2217 538 2290 Tauro
559 2228 640 2275 tenus
662 2235 779 2292 regnare
790 2213 883 2289 jussos

91 2293 169 2360 esset,
182 2313 354 2372 omnemque
365 2295 437 2353 hanc
449 2296 554 2364 Asiam,
569 2315 634 2371 quae
648 2294 685 2352 est
700 2312 776 2352 nunc
787 2296 881 2354 nostra

90 2374 245 2452 provincia,
257 2376 393 2445 amifisset,
413 2373 505 2432 dicere
518 2374 556 2433 eti
569 2374 675 2442 solitus,
690 2372 812 2451 benigne
833 2373 883 2433 fibi

90 2453 108 2512 ti
122 2452 231 2531 populo
246 2455 378 2514 Romano
391 2453 444 2512 eise
459 2453 578 2525 sosium,
592 2453 671 2533 quod
681 2453 764 2511 nimis
775 2473 882 2532 magna

89 2532 292 2611 procuratione
312 2533 445 2591 liberatus
456 2532 573 2592 modicis
583 2533 660 2611 regni
676 2533 803 2591 terminis
818 2550 881 2592 ute·

90 2627 187 2672 retur:
242 2612 293 2671 test
305 2612 397 2671 musto
425 2610 535 2670 facilius
558 2610 586 2670 se
606 2613 758 2670 Deiotarus
783 2612 884 2673 conso·

88 2688 152 2750 lari.
193 2631 327 2751 ssimum
338 2692 441 2751 suroris
451 2691 571 2750 multam
591 2690 764 2762 sustinuerat,
777 2692 824 2749 hic
838 2711 881 2751 er·

87 2773 173 2832 roris.
201 2767 316 2829 omnia
332 2784 364 2832 tu
378 2773 524 2842 Deiotaro,
539 2769 642 2840 Caesar,
667 2769 796 2842 tribuisti,
809 2790 880 2830 cum

88 2852 185 2928 etipsi,
200 2863 227 2910 et
239 2850 297 2909 filio
311 2869 415 2909 nomen
424 2851 533 2926 regium
545 2847 703 2909 conceffisti.
745 2848 813 2908 Hoc
828 2871 880 2910 no·

85 2930 164 2988 mine
177 2941 295 2997 retento,
314 2942 399 3006 atque
418 2929 590 2998 conservato,
616 2927 728 2987 nussum
743 2928 880 2988 benefici·

86 3027 138 3065 um
151 3006 248 3084 populi
263 3006 392 3076 Romani,
408 3007 668 3082 nuliumjndicium
681 3008 716 3065 de
725 3006 752 3064 se
764 3010 879 3068 senatus

85 3086 271 3162 imminutum
297 3099 402 3161 putat:
425 3105 531 3161 magno
554 3087 661 3157 animo,
686 3100 715 3145 et
728 3086 826 3146 erecto
839 3086 878 3148 est

33 3199 37 3208 ·
86 3181 138 3225 nec
149 3149 276 3241 uniquam
300 3162 465 3224 succumbet
477 3164 606 3241 inimicis,
626 3185 662 3226 ne
675 3164 880 3302 fortunaedqni·

828 3264 874 3306 ein
