1884 3559
2 237 5 255 ἱ
74 185 137 266 »ro
280 167 312 220 '·
360 167 623 266 'orario

94 306 155 367 fine
171 307 322 369 communi
343 310 472 370 omnium
494 310 618 370 nollrhm
642 307 728 369 laude
749 309 904 374 decoran-

9 374 42 505 s
94 372 276 469 confingo
289 390 381 463 illum,
402 392 450 469 qni
464 392 526 450 haec
547 385 662 462 lecerat,
679 388 814 449 Rodium
840 395 905 452 ho·

3 495 8 524 l
95 467 205 526 minem
230 467 349 544 majores
371 469 456 528 nostri
481 470 512 529 in
534 470 676 528 civitatem
699 483 903 549 receperunt:

95 563 149 604 nos
164 548 240 626 hune
255 548 474 621 Heracliensem,
495 550 592 608 multis
607 549 765 607 civitatibus
779 551 908 631 expeli-

95 634 173 694 tum,
183 628 212 686 in
226 629 279 687 hac
292 634 389 689 autem
404 630 513 708 legibus
527 628 721 700 constitutum,
741 628 778 688 de
793 632 907 692 nostra

72 702 209 783 stiritate
222 708 388 786 ejiciemus?
412 711 490 778 Nam'
509 709 605 787 fiquis
626 709 764 767 minorem
788 709 904 791 gloriae

32 823 34 828 »
75 783 225 846 ‘'fruetum
246 802 328 881 putat
340 809 377 848 ex
398 789 508 849 Graecis
519 788 644 848 uersibus
659 788 777 867 percipi,
790 799 905 867 'quam

95 883 136 927 ex
161 868 280 936 Latinis,
306 869 488 948 vehementer
514 882 597 940 errat,
625 881 775 947 propterea
805 872 904 948 quod

97 948 201 1006 Graca
222 948 397 1026 legunturin
421 948 552 1006 omnibns
575 948 634 1007 fere
657 945 808 1025 gentibus=
837 951 907 1009 La·

83 1028 157 1106 ,ῐίῃα
167 1027 222 1086 suis
236 1030 349 1102 finibus,
363 1029 475 1104 exiguis
490 1028 562 1098 sane,
574 1026 764 1086 continentur.
787 1029 907 1104 Qare

35 1180 37 1184 ι
90 1107 119 1167 ·fi
143 1127 186 1166 res
200 1109 253 1179 hae,
278 1118 349 1188 quas
364 1108 503 1186 gestimus,
524 1107 598 1165 orbis
620 1122 699 1168 terrae
724 1104 906 1182 regionibus

36 1193 54 1260 ’χ
96 1185 290 1248 definiuntur:
311 1208 416 1266 cupere
429 1186 576 1255 debemus,
597 1187 762 1268 quominus
785 1199 907 1260 manua

53 1299 58 1326 l
77 1270 150 1326 'urn
173 1265 329 1327 nostramm
352 1268 409 1326 tela
431 1267 616 1345 pervenerint,
639 1266 740 1326 eodem
763 1264 905 1348 gloriam

96 1345 263 1426 famamque
286 1362 448 1426 penetrare:
476 1346 555 1423 quod
578 1365 645 1404 cum
669 1346 731 1421 iphs
758 1349 903 1424 populis,

97 1424 135 1485 de
148 1445 272 1505 quorum
286 1428 369 1487 rebus
383 1425 521 1491 scribitur,
535 1425 596 1484 haec
610 1424 793 1503 amplafunt3
823 1440 905 1489 tum

96 1505 131 1568 iis
145 1519 232 1574 certe,
253 1507 350 1583 quide
365 1506 430 1574 vita,
452 1505 550 1581 gloriae
563 1505 654 1578 causa,
671 1505 817 1575 dimicant,
835 1507 908 1568 hoc

95 1586 258 1644 maximum
269 1600 307 1646 et
329 1583 521 1667 periculorum
542 1583 757 1644 incitamentum
781 1583 836 1658 est,
867 1599 905 1649 et

97 1664 241 1726 laborum.
534 1725 538 1730 ,

138 1746 235 1821 Qram
251 1741 357 1803 multos
369 1740 515 1821 scriptores
524 1760 620 1801 rerum
632 1741 746 1804 suarum
759 1763 913 1823 magnus¹

96 1821 146 1886 ille
167 1822 329 1890 Alexander
343 1824 435 1882 secum
456 1821 581 1902 habuisse
600 1821 723 1883 dicitur?
751 1825 863 1903 Atque
879 1829 909 1889 ir

98 1917 205 1972 tamen,
225 1922 293 1961 cum
308 1903 336 1962 in
358 1895 452 1980 slgaeo‘
466 1900 503 1959 ad
523 1900 642 1960 Achillia
654 1902 804 1963 tumulum
827 1906 910 1968 asti·

97 1984 182 2052 risset,
195 1985 223 2041 0
234 1985 389 2056 fortunate,
404 1983 505 2059 lnquit,
525 1980 676 2058 adolescens,
696 1989 744 2066 qui
756 1986 814 2043 tnae
826 1994 909 2045 vir·

97 2069 165 2122 tutis
178 2065 323 2121 Homerum
333 2077 477 2142 praeronem
489 2069 631 2138 inveneris.
652 2062 690 2119 Et
700 2081 773 2121 vere.
794 2062 906 2141 Nam,

97 2137 148 2201 'nifi
163 2141 227 2200 Iliae
243 2141 288 2201 illa
299 2142 430 2201 extitillet
440 2167 448 2212 ;
460 2144 463 2151 '
473 2141 545 2198 idem
561 2138 701 2226 tumulus,
716 2142 764 2220 qni
778 2160 833 2201 cor
862 2165 904 2207 us

49 2235 53 2248 “
97 2220 160 2295 ejus
174 2236 348 2293 contexerat,
369 2241 473 2280 nomen
486 2221 571 2277 etiam
594 2219 734 2279 obruisset.
777 2222 903 2295 Qud?

98 2300 193 2362 noster
214 2301 260 2359 hic
282 2302 418 2378 Magnus,
445 2302 496 2376 qui
520 2319 586 2356 cnm
611 2300 716 2357 virtute
737 2297 905 2365 fortunam

98 2381 270 2457 adaquavit,
301 2389 395 2439 nonne
428 2378 639 2457 Theophanem
673 2378 905 2458 Mytilenaeum,

77 2451 261 2539 'scriptorem
284 2479 379 2519 rerum
402 2458 527 2529 suarum,
552 2457 579 2514 in
601 2457 735 2515 concione
758 2458 906 2523 militum

98 2539 212 2604 civitate
225 2540 362 2598 donavit?
385 2553 414 2600 et
425 2538 509 2596 nostri
522 2537 560 2594 illi
577 2535 661 2593 fortes
675 2533 734 2608 viri,
745 2536 794 2595 sed
806 2541 908 2603 rusti.

92 2619 134 2689 ci,
149 2638 182 2676 ac
196 2620 307 2691 milites,
323 2617 473 2678 dulcedine
485 2615 608 2694 quadam
624 2615 720 2693 gloriae
733 2624 906 2693 commoti,

97 2700 178 2778 quasr
190 2701 339 2779 participes
360 2698 484 2774 ejusdem
499 2696 599 2765 laudis,
621 2714 725 2771 magno
738 2696 810 2753 illud
832 2700 909 2759 ela.

97 2797 179 2839 more
193 2779 443 2861 approbaverunt?
474 2780 585 2852 ltaque,
598 2774 692 2846 credo,
714 2774 732 2831 fi
747 2775 813 2833 civis
830 2778 906 2839 Ro.

96 2853 201 2919 manus
223 2858 342 2922 Archias
365 2856 473 2934 legibus
496 2875 552 2918 oon
574 2855 652 2918 ellel,
674 2869 706 2912 ut
728 2855 764 2912 ab
786 2855 904 2934 aliquo

94 2937 269 3017 imperatore
282 2940 393 2998 civitate
407 2937 568 3004 donaretur,
581 2933 715 3009 perlicere
729 2953 784 2989 non
802 2953 906 3011 potu.

1 3022 2 3025 ’
90 3018 131 3078 jn
168 3018 340 3090 Sullanum
360 3015 500 3093 Hispanos
515 3029 543 3073 et
564 3013 666 3071 Gallos
681 3011 810 3082 donarer,
827 3035 904 3076 cre.

95 3093 145 3168 (10ss
169 3099 246 3157 hunc
274 3112 415 3173 petentem
443 3093 630 3175 repudialler:
660 3111 746 3168 quern
775 3112 828 3149 nos
866 3100 901 3157 in

95 3178 234 3240 concione
249 3178 383 3253 vidimus,
402 3193 470 3234 curn
491 3176 517 3234 ei
537 3170 664 3233 libellum
684 3171 776 3231 malus
798 3179 902 3253 poeta

1 3274 2 3283 ¹
857 3257 902 3318 de
