1884 3559
212 114 271 175 IN
304 111 639 173 CATILINAM
677 113 704 174 Ι.
802 133 875 194 49-

41 221 207 294 mortales,
234 223 351 282 ubinam
364 221 494 298 gentium
515 217 640 277 snmus?
665 217 760 298 inqua
771 221 845 282 urbe

50 300 206 362 vivimus„l
236 320 323 381 quam
349 298 552 377 rempublicam
579 298 741 360 habemus?
776 302 844 370 Hic.

50 377 98 437 hic
112 379 192 452 sunt,
220 382 250 441 in
266 380 504 450 nollm‘numero,
525 377 624 441 ¹Patres
643 380 799 460 conscripti,
815 386 844 443 itt

51 458 109 517 hoc
118 462 203 520 orbis
218 467 300 520 terrae
312 458 475 518 sanliiffimo
493 454 709 536 gravillimoque
716 462 844 537 consilio,

49 539 101 614 qui
124 540 164 599 de
193 561 269 612 meo,
293 540 476 616 nostrumque
496 537 625 597 omnium
647 539 771 611 interitu,
792 544 843 619 qui

7 681 9 694 ,
48 618 87 679 ‹le
100 620 195 694 hujus
210 619 298 691 urbis,
313 633 400 696 atque
414 616 486 675 adeo
499 615 574 675 orbis
588 632 728 677 terrarum
751 623 845 682 exitio

7 697 10 794 Ι
47 694 198 777 cogitent.
238 698 331 759 Hosce
354 717 409 775 ego
422 696 504 756 video
526 696 632 766 consul,
647 709 675 755 et
688 698 725 758 de
737 702 845 779 repub·
861 759 866 768 ,

7 801 9 862 j
46 775 103 838 lica
132 778 303 838 sententiam
332 797 421 854 rogo:
441 789 484 850 et,
510 795 583 854 quos
610 775 686 836 ferro
708 781 845 841 trucidari

7 867 9 948 j
45 857 220 938 oportebat,
236 877 285 916 eos
299 856 426 916 nondum
436 875 506 915 voce
518 855 648 914 vulnero.
688 857 774 916 Fuisti
786 861 841 939 igi·

7 951 9 1012 ξ
47 929 199 1017 tur'apud
212 929 333 998 Leccam
347 934 394 996 illa
408 921 499 1007 noete,
523 934 647 995 Catilina
659 958 667 993 ε
681 935 850 1002 distribuisti

7 1015 9 1070 ἓ
46 1031 150 1097 partes
175 1013 285 1077 It'aliae:
313 1011 428 1074 statuisti
452 1034 512 1093 quo
537 1033 686 1092 quemque
716 1017 840 1096 proeisoi

7 1075 9 1166 l
47 1096 332 1176 placeretzdeligilli
365 1113 416 1153 uos
432 1096 534 1168 Romae
558 1094 738 1173 relinqueres,
788 1117 842 1159 uon

44 1179 149 1248 tecum
166 1177 302 1237 educeres
317 1198 325 1235 t
340 1115 502 1252 leseripsrsti
527 1173 605 1233 ur'nis
632 1189 725 1251 partes
749 1116 786 1236 al
798 1181 842 1238 in·

7 1265 9 1274 ’
45 1257 164 1318 cendia:
179 1254 360 1324 confirmasti,
370 1267 399 1312 te
409 1253 501 1332 ipsum
520 1252 581 1329 jam
599 1254 653 1313 elle
673 1253 844 1319 exiturum>

42 1335 140 1402 dixisti
156 1335 279 1416 paulum
301 1334 351 1393 tibi
365 1336 425 1409 elle
444 1334 530 1393 etiam
559 1348 621 1394 tum
636 1353 724 1395 morae
760 1338 843 1415 quod

43 1415 101 1499 ego
116 1419 257 1477 viverem.
296 1414 413 1492 Reperti
426 1412 490 1473 suut
503 1413 563 1472 duo
583 1412 693 1490 equites
706 1378 840 1490 ilomant,

43 1500 96 1578 qui
112 1509 144 1557 te
157 1496 210 1555 ista
222 1512 292 1554 cura
302 1493 459 1565 liberarent,
486 1500 514 1553 'et
541 1492 594 1553 sese
616 1492 664 1551 illa
685 1494 743 1575 ipsa
756 1497 841 1559 ηοᾶο

44 1577 141 1658 paulo
152 1588 221 1636 ante
232 1571 324 1634 lucem
336 1593 382 1633 me
397 1576 425 1634 in
440 1594 505 1631 meo
522 1571 627 1632 leoiulo
641 1569 841 1639 interfecturos

43 1658 266 1740 pollicerentur.
307 1655 379 1717 Haee
391 1674 446 1732 ego
459 1655 565 1728 omnia,
594 1653 640 1710 vix
658 1654 728 1714 dum
750 1656 840 1717 etiam

41 1754 128 1797 ooeru
155 1734 250 1795 vellro
273 1732 390 1804 dimisso,
425 1735 570 1811 comperi:
600 1734 720 1793 domum
743 1754 839 1795 meam

45 1816 210 1892 majoribus
233 1813 366 1892 prandiis
380 1814 496 1882 munivi,
525 1827 610 1890 atque
636 1812 764 1873 firmavi:
789 1836 840 1875 ex·

42 1895 115 1958 elufi
131 1914 194 1967 eos,
209 1913 280 1969 quos
295 1905 326 1950 tu
349 1911 431 1952 mane
441 1892 476 1950 ad
488 1910 534 1950 me
547 1892 699 1951 salutatum
710 1893 838 1969 miserat,

44 1997 116 2037 cum
131 1975 174 2034 illi
188 1974 239 2052 ipsi
262 1974 415 2044 veniffent3
444 1992 516 2049 quos
536 1991 591 2049 ego
610 1970 668 2046 jam
679 1971 776 2033 multis
802 1987 838 2035 τε

44 2057 170 2119 summis
198 2054 263 2112 viris
304 2052 322 2109 d
344 2071 390 2109 me
416 2052 444 2109 id
472 2051 607 2128 temporis
632 2063 764 2111 vetituros
783 2050 863 2114 elle¹

44 2135 239 2218 praedixeram
288 2135 442 2208 Qraecum
455 2131 494 2188 ita
507 2131 568 2202 fini,
595 2130 735 2202 Catalina,
748 2151 839 2212 perge
853 2117 910 2206 ff

43 2238 106 2296 quo
126 2210 238 2292 coepisti
251 2238 258 2282 ;
271 2231 286 2270 e
310 2211 404 2272 redere
414 2210 568 2287 aliquando
580 2230 618 2268 ex
629 2209 700 2270 urbe
711 2237 719 2282 3
737 2229 838 2290 patent

42 2309 160 2378 porta:
187 2230 369 2370 proficilcere.
408 2292 539 2354 Nimium
561 2290 610 2350 diu
632 2303 661 2348 te
684 2292 839 2371 imperato·

45 2398 106 2437 rem
136 2372 189 2431 iila
209 2385 259 2430 tua
284 2369 519 2430 Manliauicastra
545 2369 711 2430 desiderant.
751 2372 837 2433 Educ

44 2470 144 2516 tecum
160 2453 248 2512 etiam
262 2469 360 2509 omnes
371 2463 456 2509 tuos:
487 2450 505 2507 fi
518 2449 620 2522 minus,
635 2469 723 2527 quam
746 2451 836 2528 pluri·

40 2556 109 2598 moe
122 2536 134 2593 ?
158 2533 254 2607 Purga
266 2529 384 2589 urbem.⁴
418 2531 529 2607 Magno
542 2550 588 2588 me
600 2543 679 2590 metu
693 2529 835 2607 liberabis,

33 2613 211 2676 dummodo
222 2612 294 2669 inter
307 2629 353 2668 me
374 2623 461 2686 atque
475 2626 504 2667 te
514 2610 602 2672 muris
616 2610 731 2678 intersit.
771 2613 836 2672 No·

42 2693 155 2754 biicum
171 2690 271 2749 versari
280 2687 341 2764 jam
356 2688 463 2747 diutius
476 2708 533 2745 non
545 2701 624 2767 potes
638 2711 646 2747 ε
660 2708 717 2747 non
731 2689 840 2766 feram,
892 2701 895 2709 '

42 2793 101 2836 nnn
113 2768 218 2851 patiar,
232 2790 288 2829 non
302 2770 398 2828 finam.
428 2771 538 2846 Magna
548 2769 610 2830 Diis
623 2769 835 2832 immortalibus

42 2850 182 2916 habenda
206 2848 246 2909 ell
261 2847 360 2927 gratia,
374 2849 537 2925 atquehuic
563 2848 689 2928 ipsrJovi
717 2851 834 2924 Statori,

41 2928 236 3014 ntiquiffimo
255 2927 364 2988 custodi
377 2926 462 3001 hujus
478 2928 564 2999 urbis,
585 2927 666 3004 quod
677 2928 751 2986 hanc'
769 2942 832 2990 tam

38 2997 163 3082 talpam,
177 3022 236 3068 tam
248 3008 423 3080 horribilem,
435 3019 552 3086 tamque
566 3006 694 3068 infestam
717 3008 754 3068 tei
778 3009 832 3067 ub·

38 3087 335 3174 fieoepellem·totiev
354 3086 428 3231 jau}i
436 3087 602 3170 effugimus.
639 3087 710 3151 Non
730 3105 747 3150 e
782 3087 833 3177 ξε·

238 3179 244 3188 ’
770 3182 837 3243 piru
