1884 3559
19 159 20 192 ³
95 197 155 255 aaa
226 197 231 206 ·
383 179 644 241 ORATIO

93 314 146 354 um
158 294 262 365 vocari,
276 311 328 353 nee
339 294 446 353 herere
460 295 487 352 in
502 295 601 352 animis
614 291 767 361 bominum
777 273 885 352 'sollici

92 376 223 434 tudinem
234 374 443 453 sempiternam,
466 385 518 432 nec
528 374 663 446 accidere,
686 372 882 452 ut4quisquaru

18 477 20 512 ι
93 467 125 513 te
138 456 236 513 timere
251 455 348 532 incipit
361 473 472 524 eorum,
499 455 549 530 qui
564 452 648 523 semel
668 452 726 514 itte
740 454 796 509 smt
819 451 884 512 ttbe·

33 966 37 973 ·

51 989 56 998 v

27 1259 53 1365 l

94 534 147 592 rati
167 534 281 593 timore.
320 534 389 593 Non
414 534 513 605 debeo,
538 533 574 592 C.
587 532 694 598 Caesar,
716 531 799 608 quod
826 530 882 589 fieri

93 612 163 671 solet
177 613 205 669 in
231 612 315 671 tantia
330 613 470 690 perieulis,
499 627 619 680 tentare,
641 630 769 689 quonam
796 611 883 668 modo

92 692 213 751 dicendo
227 692 444 751 misericordiam
467 705 547 750 tuam
567 710 748 758 commovere
761 689 881 768 poffimz

91 771 162 832 nibil
174 791 248 849 opus
257 771 315 833 est:
330 790 477 831 occurrere
499 770 557 848 ipsa
571 770 640 829 solet
665 769 841 849 supplicibus
854 779 883 827 et
928 813 929 820 κ

90 850 661 923 calamitose,nulliusorationeevocata.
704 851 837 927 Propone
851 848 884 905 ti·

91 931 122 989 bi
141 930 213 990 duos
237 950 317 1008 reget
333 952 340 990 a
354 943 383 989 et
407 930 436 989 id
455 932 552 989 auimo
575 928 780 1006 contemplare,
805 925 883 1006 quod

88 1010 178 1070 oculis
192 1030 248 1067 nou
263 1023 355 1088 potes.
396 1009 485 1068 Dabis
511 1009 641 1089 profesio
669 1007 880 1079 misericordiae,

88 1090 168 1169 quod
191 1088 508 1169 iracundiaquegavisli.
550 1089 647 1149 Multa
669 1088 733 1148 sunt
752 1102 814 1149 tuae
828 1086 882 1146 ele·

89 1169 203 1229 mentia
229 1183 432 1228 monumenta:
470 1170 517 1228 sed
536 1170 661 1229 maxime
683 1188 785 1227 eorum
806 1169 881 1226 inco·

87 1248 244 1320 lumitates,
258 1248 360 1325 quibus
372 1249 490 1307 saturem
505 1248 744 1323 dedistijQuaesi
772 1249 801 1306 in
824 1247 880 1325 pri·

88 1329 159 1389 vatis
173 1327 292 1404 gloriosa
305 1327 381 1397 sunt,
393 1327 488 1387 multo
498 1328 588 1405 magis
608 1326 891 1396 commemorabun„

88 1422 138 1468 tur
150 1408 178 1466 in
192 1408 317 1484 regibus.
359 1409 476 1485 Semper
489 1410 598 1486 regium
613 1426 718 1466 nomen
732 1409 761 1465 in
776 1406 832 1465 hac
843 1405 879 1464 ci·

88 1486 314 1568 vitatesanelum
327 1485 383 1544 suit
399 1510 406 1545 ε
421 1486 561 1546 sociorum
572 1507 639 1545 vero
650 1507 752 1564 regum
767 1501 796 1545 et
811 1484 879 1543 ami·

86 1575 187 1640 corum
201 1564 406 1626 sanuuumum.
447 1563 654 1643 Qodnonien
680 1567 711 1625 hi
734 1585 817 1644 reges
842 1583 876 1623 ne

86 1648 259 1715 amitterent,
274 1659 302 1702 te
315 1646 429 1717 victore,
443 1649 624 1718 timueruut;
640 1660 783 1705 retentum
799 1664 877 1716 vero,

83 1741 113 1788 et
128 1729 184 1787 alte
195 1726 407 1797 confirmatum,
422 1725 537 1805 posteris
550 1725 635 1784 etiam
652 1727 707 1785 suis
720 1725 878 1784 tradituros

84 1811 141 1868 esse
150 1805 274 1866 confido.
315 1806 445 1883 Corpora
456 1824 523 1892 yero
533 1805 580 1864 sua
595 1825 647 1882 pro
661 1806 750 1864 salure
772 1824 875 1882 regum

83 1889 200 1948 suorum
215 1887 243 1943 hi
254 1885 338 1960 legari
354 1887 405 1945 tibi
415 1885 485 1962 regii
494 1886 621 1952 tradunt.
643 1886 757 1952 Hieras,
771 1899 802 1943 et
814 1885 877 1942 Ble-

83 1968 196 2036 samius,
211 1979 239 2023 et
254 1966 426 2041 Antigonus,
440 1965 502 2035 tibi,
517 1964 652 2041 nobisque
665 1964 801 2023 omnibus
812 1961 873 2040 jam

83 2049 134 2106 diu
148 2047 208 2105 noti
223 2072 232 2116 ;
254 2044 411 2122 eademque
425 2044 482 2102 fide
494 2056 522 2103 et
536 2047 641 2103 virtute
661 2044 799 2123 praeditua
815 2044 876 2102 Do·

82 2126 189 2207 rylaus,
202 2125 252 2203 qni
263 2141 355 2201 nuper
367 2142 434 2181 cum
447 2126 535 2181 Hiera
548 2125 659 2202 legatus
670 2123 708 2182 est
719 2124 754 2181 ad
770 2136 800 2182 te
812 2122 875 2182 mis·

81 2208 147 2277 sut3
164 2222 227 2265 tum
241 2219 341 2279 regum
357 2202 520 2275 amicissimi,
550 2219 612 2263 tum
641 2203 692 2262 ubi
717 2203 817 2276 etiam,
840 2215 875 2261 ut

81 2288 172 2366 spero,
192 2281 310 2361 probati.
354 2284 483 2360 Exquire
508 2284 543 2342 de
567 2284 714 2355 Blesamio,
740 2282 876 2361 nunquid

81 2368 118 2427 ad
130 2381 224 2444 regem
235 2375 333 2422 eontra
343 2361 510 2440 dignitatem
520 2375 599 2421 tuam
612 2362 760 2441 scripserit.
803 2363 875 2420 Hie·

80 2466 125 2507 rae
139 2445 254 2524 quidem
267 2442 378 2502 causam
393 2462 510 2501 omnem
520 2442 641 2522 suscipit,
654 2457 683 2501 et
704 2441 874 2501 criminibus

78 2527 133 2591 illis
147 2543 199 2604 pro
210 2542 275 2601 rege
286 2520 311 2580 se
329 2520 463 2600 supponit
477 2541 567 2594 reum,
595 2524 764 2581 memoriam
786 2535 873 2581 tuam

78 2606 224 2684 implorat,
247 2621 304 2679 qua
328 2600 402 2660 valea
427 2602 606 2679 plurimum:
632 2614 719 2679 negat
738 2621 873 2679 unquam

79 2686 136 2750 fei
150 2686 219 2743 rein
235 2681 361 2741 Deiotari
376 2681 527 2739 tetrarchia
578 2683 643 2741 dem
657 2681 818 2741 discernite:
844 2681 873 2739 in

78 2767 190 2852 primur
203 2761 305 2822 linibus
319 2760 370 2819 tibi
379 2760 406 2819 se
419 2760 522 2839 praeslo
568 2762 615 2820 isse
629 2762 707 2830 dicit,
731 2760 873 2839 usquead

77 2848 196 2908 ultimos
210 2840 409 2919 prosecutum:
425 2859 492 2898 cum
507 2841 522 2899 ὲ
536 2839 638 2901 balneo
646 2842 874 2910 exiffeqtecum

77 2928 107 2987 se
129 2923 208 2983 suisse
222 2944 230 2981 z
245 2939 311 2977 cum
338 2918 385 2976 illa
402 2938 520 2977 mttnera
539 2920 701 2996 ‘inspexisses
724 2936 874 2988 coenatus,
889 2962 892 2974 ,

77 3025 145 3065 cum
159 2997 330 3058 ineubiculo
351 2998 544 3069 recubuissee3
566 3001 746 3076 eandemque
755 3000 875 3059 assidui·

76 3096 166 3143 tatem
180 3076 230 3136 tibi
243 3078 269 3134 se
281 3074 428 3152 praebuisse
443 3075 583 3149 postridie.
625 3078 871 3151 Quamobrem,fi

74 3161 149 3243 quid
161 3174 275 3225 eorum,
288 3171 353 3232 que
363 3152 471 3228 objeela
487 3157 563 3231 suut,
578 3160 737 3239 cogitatum
751 3159 795 3230 stt,
809 3178 873 3231 non

136 3265 159 3294 t,
386 3245 393 3264 ¹
743 3238 874 3300 ¹recuset
