1884 3559
174 175 615 263 sottanrts-anrot
781 169 845 252 „Tr
928 102 931 185 i

50 288 108 352 esse
116 293 324 353 misericordem
339 297 351 353 ?
368 297 463 372 'Qrod
479 292 738 373 fiprobare‘Caesari
748 295 841 369 posse·

52 393 128 453 mus,
151 374 180 431 in
197 373 291 432 Africa
306 374 450 451 Ligarium
465 376 593 432 omnino¹
608 393 665 432 non
688 374 769 432 fuisse
784 393 797 431 :.
818 371 841 429 si

52 450 172 510 sionesto
184 466 213 512 et
227 454 396 513 misericordi
410 455 558 513 mendacio
579 452 660 512 saiuti
677 453 744 511 civis
767 450 842 509 cala·

54 531 320 591 mitoficonsnltum
343 536 397 591 esse
419 535 581 594 vellemus:
600 547 696 591 tamen
717 524 851 590 hominit'

53 630 111 669 uon
133 613 200 669 esset
220 613 248 670 in
263 626 343 671 tanto
357 612 513 672 discrimine
525 627 554 671 et
577 611 703 690 periculo
715 611 783 669 civis
796 629 842 669 re·

52 689 155 748 fellere
163 704 191 748 et
210 710 364 768 coarguere
383 692 508 751 nostrum
531 692 732 751 mendacium:
758 704 798 760 et,
821 687 846 749 ti

51 772 120 827 esset
132 769 262 845 alicujus,
275 772 336 846 ejus
349 785 427 830 certe
440 773 582 841 nouerat,
604 770 652 848 qui
675 773 703 828 in
717 769 841 829 eandem

51 847 138 907 causa
151 864 179 906 et
192 848 305 908 fortuna
318 852 421 912 suisset.
461 851 516 909 Sed
537 864 631 908 tamen
645 848 722 908 aliud
733 847 773 907 est
798 867 844 908 er·

12 942 26 998 ‘-
49 945 115 989 rare
130 928 271 987 Caesarem
282 929 366 1000 nolle,
380 930 458 989 aliud
474 930 548 999 nolle
563 929 695 991 misereri.
734 927 845 987 Tudi·

22 1076 24 1083 Ι
52 1025 134 1064 ceres
151 1031 158 1065 :
183 1025 261 1079 cave,
274 1008 379 1078 Caesar,
391 1009 509 1079 credas:
534 1010 630 1068 sintin
650 1006 746 1068 Africa
760 1009 847 1084 Liga-

49 1087 132 1144 rius:
157 1087 223 1144 tulit
243 1107 322 1146 arma
343 1103 443 1147 contra
459 1103 499 1148 te.
538 1091 626 1146 Nunc
647 1088 717 1166 quid
744 1086 841 1145 dicis?

49 1183 122 1222 cave
134 1167 269 1242 ignoscas.
309 1167 381 1226 Haec
399 1188 453 1226 nec
464 1168 597 1233 hominis,
622 1186 674 1226 nec
693 1166 730 1224 ad
749 1165 845 1224 homi·

51 1264 122 1302 nem
136 1265 193 1302 vox
206 1247 267 1305 esi?
288 1267 345 1324 qua
371 1249 420 1324 qui
444 1245 522 1326 apud
548 1261 590 1317 te,
607 1247 643 1305 C.
655 1245 761 1316 Casas,
780 1259 845 1305 ute·

51 1335 112 1386 tur,
129 1323 206 1383 suam
220 1328 302 1384 citius
325 1325 436 1402 abjiciet
449 1327 668 1392 humanitatem,
687 1344 776 1402 quam
791 1341 846 1382 ex·

50 1404 202 1480 torquebit
214 1419 295 1463 tuam
346 1407 391 1464 Ac
405 1407 513 1484 primus
527 1406 630 1471 aditus,
644 1417 673 1468 et
689 1401 844 1483 postulatio

53 1482 238 1550 Tuberonis,
246 1485 315 1554 haec,
330 1485 484 1563 mopinot,
499 1482 563 1553 fuit,
574 1481 644 1543 velle
662 1482 689 1542 se
702 1482 737 1541 de
747 1481 849 1555 QLi-

17 1632 24 1642 Χ
55 1562 127 1638 gatii
142 1561 241 1634 scelere
254 1563 356 1621 dicere.
398 1566 466 1623 Non
480 1562 590 1633 dubito,
601 1564 671 1640 quin
684 1561 850 1620 admiratus·

56 1639 156 1715 suaves
176 1641 255 1718 quod
268 1639 304 1700 de
315 1640 398 1700 nullo
407 1642 463 1700 alio
474 1642 634 1720 quisquam,
653 1641 698 1699 vel
708 1639 787 1718 quod
810 1639 850 1711 is,

53 1720 110 1797 qui
121 1720 148 1776 in
157 1718 258 1780 e'ade'm
271 1720 355 1780 causa
368 1722 474 1791 suisset:
497 1721 540 1779 vel
552 1721 689 1799 quidnam
700 1720 765 1778 novi
779 1711 872 1777 saci-'⁴

59 1803 139 1866 noris
153 1800 271 1861 afferret.
315 1800 412 1859 Scelus
429 1811 461 1860 tn
488 1799 559 1867 illud
586 1818 678 1872 vocas,
700 1798 849 1858 Tubero?

47 1874 133 1936 tour?
162 1876 300 1938 isioenim
315 1882 429 1938 nomine
452 1878 501 1939 illa
518 1878 612 1936 adhuc
636 1878 717 1937 causa
744 1877 849 1937 caruit.
927 1892 930 1896 “

56 1956 118 2015 Atii
136 1977 259 2031 errorem
275 1959 440 2036 appeliant:
463 1958 510 2016 alii
520 1960 672 2016 timorem:
698 1957 746 2034 qui
767 1955 847 2015 duri·

58 2055 103 2105 ua,
123 2034 211 2113 spem,
225 2038 423 2116 cupiditatem,
438 2037 548 2107 odium,
564 2037 767 2117 pertinaciam:
794 2033 848 2112 qui

59 2116 447 2192 gratiffinte„temeritatem:
463 2116 550 2175 sceius
567 2126 669 2194 praeter
682 2129 721 2187 te,
750 2114 846 2173 adhuc

58 2213 158 2253 nemo.
200 2197 243 2254 Ac
258 2196 325 2254 mihi
340 2198 466 2272 quidem,
496 2197 513 2254 sr
529 2196 676 2272 proprium
698 2208 728 2253 et
747 2212 854 2254 veruna

59 2292 167 2343 nomen
180 2275 265 2334 nostri
277 2275 343 2345 titali
354 2291 509 2354 quaeratur,
525 2274 615 2333 fatalis
630 2276 763 2351 quadam
775 2271 853 2331 caia·

61 2355 148 2413 miras
172 2355 295 2414 incidisse
315 2355 445 2425 videtur,
465 2369 498 2413 et
515 2354 688 2432 improvidas
699 2353 854 2411 hominum

60 2447 172 2493 mentes
185 2436 377 2511 occupavisse:
401 2448 432 2491 ut
443 2453 528 2492 nemo
542 2434 636 2491 mirari
659 2433 770 2503 debeat,
793 2432 852 2490 hu·

61 2530 147 2589 mana
161 2513 273 2575 consilia
286 2513 379 2572 divina
391 2514 545 2571 necesfitate
559 2514 612 2573 esse
627 2512 763 2588 superata.
803 2509 855 2569 Li·

61 2607 125 2650 ccat
139 2594 192 2651 esse
205 2593 328 2651 miseros.
343 2606 510 2673 quanquam
526 2593 581 2649 hoc
606 2593 776 2649 peteretne
790 2607 850 2648 non

61 2673 221 2749 possumus.
263 2673 318 2731 Sed
332 2693 389 2729 non
400 2671 547 2749 loquorde
559 2670 638 2727 nobis
656 2694 665 2730 :
688 2670 785 2728 deiru:
810 2667 852 2727 io·

61 2771 147 2827 quor,
180 2752 228 2829 qui
255 2752 429 2809 occiderunt.
471 2751 587 2808 Fuerint
612 2749 719 2825 cupidi,
745 2748 852 2808 suerint

60 2829 135 2900 irati,
164 2831 268 2889 suerint
295 2829 470 2908 pertinaces:
497 2829 604 2885 sceleris
628 2848 697 2886 vero
721 2829 851 2907 crimine,

63 2909 180 2976 suroris,
196 2909 343 2985 parricidii,
363 2910 445 2968 liceat
459 2909 516 2966 Cn.
533 2909 807 2983 Pompeiomortuo,
820 2905 855 2964 li·

63 3005 127 3045 ceat
143 2991 237 3046 multis
253 2991 311 3046 aliis
335 3008 439 3047 carere.
482 2987 607 3058 Quando
631 2990 687 3044 hoc
701 2987 854 3063 quisquam

62 3068 267 3136 exsecutor,
296 3068 427 3126 audivit?
451 3083 501 3124 aut
527 3066 659 3142 tuaquid
674 3065 752 3123 aliud
773 3079 854 3121 arma
913 3072 917 3093 ²

62 3148 286 3223 uolueruntmifi
297 3149 313 3208 ai
323 3162 350 3207 te
360 3145 570 3230 contumeliam
578 3145 742 3225 propulsare
756 3145 767 3202 ἓ
781 3140 856 3230 quid

793 3232 854 3298 egit
